3246 5026
635 533 836 587 nocuunura
1065 590 1069 598 ,
1246 531 1297 584 aaa

212 681 241 736 2.
265 677 304 736 Et
321 683 475 758 quatenus
496 663 537 736 ob
561 677 733 757 peculiares
751 675 1001 737 circumstantias
1020 675 1200 756 hujusmodi
1223 695 1298 736 usus

172 772 354 834 retinendus
368 774 409 834 sit
425 773 472 833 vel
489 773 731 854 permittendus,
749 771 896 855 quidnam
913 772 1100 833 servandum
1115 773 1197 833 circa
1215 771 1299 853 puri·

172 869 349 929 ficationem
375 869 466 950 primi
489 868 608 944 calicis,
633 877 669 929 ut
694 877 726 928 et
753 869 937 929 reverentiae
961 869 1162 932 Sacrameuto
1184 867 1298 928 debitae

91 1011 95 1018 .
173 966 366 1040 consulatur,
394 973 425 1026 et
452 965 605 1026 Sacerdos
628 965 757 1046 jejunus
784 973 909 1025 maneat
937 985 994 1044 pro
1023 964 1159 1024 secunda
1188 965 1297 1036 missa,

173 1061 277 1121 habita
303 1061 424 1121 ratione
450 1060 641 1142 peculariunr
668 1059 988 1134 circumstantiarum,
1014 1081 1084 1141 quae
1109 1060 1140 1119 in
1166 1061 1298 1142 supplici

109 1151 114 1154 ’
174 1157 279 1218 libello
294 1159 520 1238 exponuntur?

213 1254 361 1314 Jamvero
380 1274 476 1335 quum
496 1253 591 1314 dubia
611 1254 720 1314 isthaec
736 1253 832 1313 Emus
852 1260 884 1312 et
905 1251 1004 1312 limus
1024 1253 1179 1315 Dominus
1199 1253 1299 1312 cardi-

176 1349 253 1410 nalis
269 1349 396 1410 Gabriel
411 1349 502 1410 Dclla
517 1349 626 1428 Genga
646 1349 811 1409 Sermattei
832 1347 1035 1429 expendenda
1055 1348 1254 1430 proposuerit
1269 1349 1299 1408 in

176 1445 348 1506 Ordinariis
373 1447 474 1506 Sacrae
495 1445 624 1506 Rituum
646 1444 906 1524 Congregationis
930 1444 1072 1504 Comitiis
1095 1466 1178 1505 anno
1210 1465 1300 1526 supe·

177 1541 249 1602 riori
267 1542 354 1614 1857,
366 1541 417 1601 die
435 1545 470 1600 12
486 1541 671 1622 septembris
685 1540 724 1601 ad
740 1541 927 1602 Vaticanum
943 1540 1075 1615 babitis;
1093 1541 1163 1611 Emi
1178 1548 1211 1600 et
1227 1541 1301 1602 ani

177 1637 285 1697 Patres
309 1638 404 1698 sacris
427 1637 550 1698 tuendis
575 1637 699 1697 Ritibus
722 1637 898 1718 praepositi,
922 1637 1068 1698 omnibus
1089 1644 1211 1698 mature
1234 1658 1302 1718 per-

177 1733 295 1814 pensis,
318 1733 487 1815 habitaque
506 1753 570 1814 prae
591 1733 690 1793 oculis
709 1733 802 1794 docta
822 1742 853 1793 et
873 1733 1029 1794 laboriosa
1048 1732 1299 1806 elucubratione,

177 1850 270 1911 quam
286 1830 325 1890 R.
344 1831 384 1891 D.
401 1831 538 1890 loannes
558 1828 706 1903 Corazza,
723 1829 802 1890 alter
821 1850 858 1890 ex
875 1829 1128 1910 Apostolicorum
1145 1829 1302 1890 Caeremo-

177 1925 296 1986 niarum
314 1925 489 2006 Magistris,
505 1925 544 1985 de
566 1945 622 1984 suo
642 1931 717 1984 voto
737 1932 827 1985 antea
843 1925 1026 2006 requisitae,
1043 1923 1178 2005 desuper
1197 1923 1302 1984 conle-

177 2029 276 2094 cerat,
293 2020 545 2102 respondendum
562 2027 773 2080 censuerunt:
1156 2098 1158 2102 Ι

216 2117 264 2176 Ad
283 2121 310 2177 1.
329 2117 427 2177 Usum
443 2117 576 2178 duorum
593 2115 723 2176 calicum
740 2117 771 2176 in
788 2136 861 2178 casu
878 2135 969 2197 posse
985 2116 1136 2198 permitti.

217 2213 265 2272 ad
281 2217 310 2274 2.
327 2213 375 2272 Ad
391 2221 546 2274 mentem:
563 2213 653 2272 Mens
668 2220 716 2274 est
731 2221 766 2273 ut
780 2213 965 2273 conficiatur
979 2213 1155 2274 instructio.

218 2309 378 2391 Ejusmodi
399 2316 503 2370 autem
523 2309 706 2388 instructio,
722 2329 816 2390 quam
835 2309 874 2370 ad
895 2317 1079 2371 mentemst
1098 2331 1136 2370 ex
1156 2309 1303 2370 mandato

177 2406 280 2466 Sacrae
307 2404 566 2485 Congregationis
596 2405 678 2465 idem
696 2405 808 2465 *Emus
836 2414 868 2465 et
895 2405 995 2466 Rmus
1018 2405 1184 2467 cardinalis
1213 2405 1303 2466 Della

178 2501 285 2582 Genga
296 2501 460 2562 Sermattei
477 2521 537 2561 una
553 2522 622 2560 cum
637 2501 676 2560 R.
690 2499 726 2561 P.
739 2502 779 2562 D.
791 2501 915 2561 Andrea
926 2501 1024 2562 Maria
1038 2501 1169 2563 Frattini
1181 2501 1304 2562 Sanctae

178 2597 264 2658 Fidei
282 2597 467 2658 Promotore
483 2597 626 2676 digessit,
643 2605 690 2656 est
706 2602 799 2677 prout
814 2597 977 2678 sequitur:

218 2693 348 2762 Quando
364 2692 517 2753 Sacerdos
537 2691 646 2752 eadem
661 2691 712 2752 die
728 2679 804 2752 duas
820 2693 930 2752 missas
949 2693 1066 2753 dissitis
1086 2694 1118 2752 in
1133 2693 1209 2752 locis
1225 2693 1304 2754 ccle-

178 2790 266 2850 brare
290 2789 399 2864 debet,
424 2790 455 2848 in
479 2789 594 2869 prima,
618 2787 693 2848 dum
717 2787 859 2848 divinum
884 2788 1073 2869 Sanguinem
1098 2789 1208 2862 sumit,
1233 2809 1303 2849 eum

177 2887 413 2967 diligentissime
433 2873 568 2947 sorbeat.
587 2885 707 2945 Exinde
727 2906 822 2966 super
841 2885 994 2966 corporali
1015 2893 1110 2966 ponat
1128 2885 1257 2946 calicem
1273 2893 1305 2946 et

177 2982 258 3063 palla
275 2990 374 3062 tegat,
391 3003 426 3042 ac
443 2981 561 3063 junctis
581 2981 725 3042 manibus
740 2981 771 3040 in
793 2981 895 3042 medio
910 2980 1000 3041 altari
1020 2980 1126 3041 dicat:
1146 2981 1236 3055 Quod
1250 3002 1303 3042 ore

177 3077 390 3160 sumpsimua;
412 3085 442 3138 ct
466 3076 613 3152 subinde,
641 3077 768 3138 admoto
792 3097 881 3158 aquae
908 3077 1047 3148 vasculo,
1075 3076 1191 3156 digitos
1217 3076 1305 3139 lavet

175 3175 311 3235 dicens:
340 3173 462 3255 Corpus
490 3179 593 3250 tuum,
622 3180 654 3234 et
681 3173 850 3254 abstergat.
878 3173 973 3234 Hisce
999 3173 1149 3255 peractis,
1175 3173 1302 3236 calicem

176 3292 270 3352 super
284 3269 438 3351 corporali
454 3276 647 3342 manentem,
665 3269 783 3343 adbuc,
800 3269 934 3330 deducta
955 3269 1052 3352 palla,
1070 3271 1230 3352 cooperiet
1244 3292 1303 3333 ceu

177 3368 272 3428 moris
287 3374 349 3441 est,
367 3366 486 3426 scilicet
499 3365 635 3446 primum
651 3365 864 3446 purificatorio
880 3365 993 3440 linteo,
1011 3366 1122 3427 deinde
1138 3375 1251 3448 patena
1267 3389 1302 3430 ac

176 3463 274 3544 palla,
289 3470 320 3524 et
334 3461 460 3523 demum
476 3460 558 3521 velo.
572 3459 715 3521 Postbaec
728 3461 853 3522 missam
869 3470 1087 3542 prosequatur,
1099 3471 1131 3522 et
1145 3463 1301 3544 completo
1386 3535 1389 3542 Ι

176 3559 288 3620 ultimo
301 3557 479 3638 evangelio,
493 3576 599 3616 rursus
615 3563 675 3616 stet
690 3557 722 3615 in
738 3555 840 3616 medio
855 3556 976 3630 altaris,
991 3565 1038 3631 et,
1050 3557 1176 3618 detecto
1189 3558 1300 3632 calice,

176 3655 318 3736 inspiciat
334 3675 372 3714 an
388 3653 505 3734 aliquid
521 3651 618 3711 divini
633 3651 799 3731 Sanguinis
815 3651 963 3711 necne-ad
978 3652 1074 3712 imum
1090 3673 1123 3713 sc
1136 3655 1299 3734 receperit,

176 3750 259 3832 quod
276 3749 460 3832 plerumque
476 3747 640 3827 contingit.
654 3747 802 3815 Quamvis
818 3747 899 3818 enim
916 3769 1011 3808 sacrae
1026 3749 1151 3830 Species
1166 3750 1300 3830 primum

176 3845 284 3906 sedulo
304 3853 418 3927 sorptaa
438 3845 516 3918 sint,
534 3851 637 3904 tamen
656 3844 731 3903 dum
752 3851 930 3919 sumuntur,
947 3865 1017 3906 cum
1037 3845 1214 3926 particulae,
1230 3869 1301 3929 quae

175 3943 291 4002 circum
312 3950 401 4016 sunt,
423 3941 631 4021 undequaque
654 3961 774 4000 sursum
799 3939 989 4016 deierantur,
1010 3940 1135 4002 nonnisi
1157 3941 1301 4024 deposito

175 4037 270 4099 calice
290 4037 329 4098 ad
349 4038 446 4097 imum
467 4035 610 4096 redeunt.
633 4035 663 4093 Si
684 4035 789 4116 itaque
809 4037 905 4096 divini
926 4037 1091 4116 Sanguinis
1111 4044 1198 4118 gutta
1219 4059 1301 4119 quac·

175 4133 246 4194 dam
263 4133 398 4215 supersit
411 4133 525 4206 adhuc,
538 4153 572 4192 ea
589 4152 695 4192 rursus
711 4151 747 4192 ac
762 4131 928 4212 diligenter
943 4133 1117 4207 sorbeatur,
1129 4141 1160 4194 et
1174 4134 1299 4216 quidem

176 4251 214 4290 ex
228 4229 336 4290 cadem
352 4229 465 4289 Calicis
481 4236 580 4309 parte,
598 4249 658 4309 qua
673 4227 725 4288 illc
741 4228 875 4308 primum
891 4237 938 4290 est
953 4237 1108 4311 sumptus.
1125 4229 1214 4298 Quod
1230 4233 1300 4293 nul·

176 4309 291 4386 limode
318 4325 526 4387 omittendum
553 4331 616 4397 est,
642 4323 715 4404 quia
743 4325 926 4385 sacriticium
953 4325 1113 4386 moraliter
1136 4326 1244 4402 durat,
1269 4338 1301 4390 et

283 4455 366 4490 iussn.
1142 4439 1176 4491 25
