3246 5026
632 513 835 565 DOCUMENTA
1245 512 1296 566 373

168 653 331 716 celebrare
343 661 467 737 potest;
483 655 597 716 etenim
615 655 761 716 Pontifex
778 656 821 716 ita
837 676 902 716 rem
919 655 1118 738 prosequitur
1135 675 1141 715 :
1158 654 1294 730 Quidam

170 758 274 812 tamen
283 771 346 834 pro
362 750 521 834 defunctis
540 773 635 812 unam
648 751 773 834 faciunt
788 759 818 812 et
837 752 972 812 alteram
987 751 1025 812 de
1045 750 1111 830 die,
1130 751 1160 812 si
1173 773 1296 814 necesse

167 845 285 928 snerit;
302 847 415 928 quibus
435 847 540 908 verbis
559 847 737 908 Alexander
752 848 779 907 ll
801 869 863 908 non
883 848 1060 929 improbare
1081 847 1206 908 videtur
1224 869 1294 908 eum

169 943 374 1018 sacerdotem,
386 944 440 1026 qui
456 945 565 1005 saltem
578 944 619 1004 ob
632 943 758 1004 allatam
771 965 895 1004 causam
909 944 956 1004 bis
972 965 1035 1005 uno
1047 943 1097 1003 die
1110 945 1292 1006 celebraret.

169 1039 291 1100 Deinde
306 1039 351 1100 sic
366 1040 513 1101 Pontifex
528 1040 709 1102 concludit:
728 1039 790 1114 Qui
808 1060 879 1100 cero
893 1060 955 1121 pro
965 1039 1128 1121 pecuniis,
1145 1047 1200 1100 aut
1218 1039 1296 1101 adu-

169 1133 342 1196 lationihus
358 1135 559 1198 sncnlarium
576 1157 638 1196 una
649 1134 701 1196 die
711 1142 912 1217 praecurrunt
922 1135 1034 1216 plures
1044 1135 1150 1217 secere
1165 1135 1292 1213 missas,

169 1251 230 1292 non
243 1230 364 1295 aestimo
379 1230 508 1294 euadere
524 1229 770 1292 damnationem.
788 1230 885 1292 Porro
901 1252 939 1291 ex
953 1231 1001 1291 his
1015 1231 1097 1292 facili
1114 1231 1295 1314 conjectura

167 1327 344 1410 perspicere
359 1329 491 1410 quisque
507 1335 622 1408 potest,
640 1327 851 1388 Alexandrum
868 1327 897 1386 ll
913 1328 1039 1389 decreto
1055 1328 1156 1388 solum
1172 1349 1292 1400 cavere,

168 1445 207 1485 ne
223 1424 356 1486 sordidae
377 1425 535 1498 utilitatis,
553 1425 619 1484 sive
638 1425 858 1485 assentationis
877 1425 975 1504 gratia
996 1425 1181 1486 sacrificium
1201 1425 1294 1485 itere-

168 1528 230 1582 tur.
256 1521 447 1602 Vasquesius
471 1521 554 1582 idem
578 1521 739 1586 decretum
764 1521 808 1581 sic
834 1521 970 1603 explicat
999 1520 1036 1581 In
1052 1527 1138 1603 part.
1160 1519 1214 1580 Ill
1229 1519 1295 1581 divi

172 1616 314 1694 Thomae,
338 1625 413 1678 tom.
430 1637 476 1690 in,
496 1624 607 1698 quaest.
626 1637 749 1690 uxxxrn,
770 1625 829 1678 art.
846 1621 880 1690 2,
902 1637 969 1698 cap.
988 1639 1017 1690 v,
1039 1639 1069 1679 n.
1084 1617 1123 1678 43
1138 1635 1145 1678 :
1163 1615 1199 1676 In
1211 1637 1294 1698 prae-

167 1711 253 1774 dicta
267 1711 401 1794 epistola
420 1714 523 1774 solnm
538 1711 742 1790 damnantur,
760 1713 818 1796 qui
827 1734 889 1794 pro
901 1713 1047 1794 pecuniis
1062 1721 1117 1775 aut
1135 1712 1294 1774 adulatio-

168 1807 263 1870 nihus
277 1808 479 1870 secularium
502 1830 564 1869 una
580 1807 632 1869 die
647 1817 848 1891 praesumunt
858 1809 971 1891 plures
987 1809 1099 1869 missas
1114 1807 1295 1884 celebrare,·

167 1904 206 1966 de
222 1905 262 1965 iis
277 1926 358 1982 vero,
376 1905 436 1988 qui
447 1927 487 1966 en
501 1905 569 1966 sola
584 1904 746 1967 devotione
762 1907 874 1988 plnres
889 1905 1100 1982 celebrarent,
1117 1904 1202 1965 nihil
1216 1904 1294 1964 dici-

168 2009 230 2064 tur.
248 2001 396 2064 Eamdem
417 2023 481 2062 rem
502 2003 636 2063 maxime
656 2002 815 2063 declarant
830 2023 881 2076 ea,
897 2024 967 2084 quic
982 2001 1205 2062 Thomassinus
1220 2002 1294 2062 scri-

167 2107 221 2180 pta
240 2099 390 2180 reliquit:
413 2099 459 2160 De
479 2099 576 2159 reteri
596 2105 626 2160 et
646 2120 724 2160 nora
746 2099 899 2160 Ecclesiae
920 2097 1108 2180 disciplina,
1130 2105 1210 2179 part.
1229 2097 1292 2170 lll,

167 2195 221 2255 lib.
240 2195 270 2268 l,
286 2215 354 2275 cap.
372 2215 464 2268 uxxn,
482 2216 566 2256 num.
583 2197 618 2268 6,
636 2195 689 2256 ubi
709 2196 791 2255 clare
811 2195 965 2270 ostendit,
983 2195 1157 2256 libertatem
1178 2194 1294 2275 pluries

167 2312 228 2352 una
244 2291 293 2351 die
308 2289 485 2352 celebrandi
502 2292 675 2352 necessario
691 2291 895 2352 coercendam
913 2292 1020 2370 luisse,
1037 2299 1072 2351 ut
1087 2291 1294 2373 quorumdam

167 2387 363 2448 sacerdotum
380 2387 518 2448 avaritiae
534 2387 645 2448 modus
660 2389 884 2469 imponeretur.

207 2483 308 2564 igitur
328 2485 510 2544 omittentes
529 2483 699 2544 Alexandri
725 2484 753 2544 ll
774 2485 951 2557 decretum,
973 2485 1101 2544 alterius
1123 2484 1295 2564 praedeces-

166 2580 245 2641 soris
261 2580 376 2654 nostri,
391 2581 537 2640 nimirum
551 2579 727 2640 lnnooentii
741 2579 787 2639 lll
801 2581 999 2654 auctoritate,
1014 2601 1049 2640 ao
1065 2580 1213 2641 decretali
1228 2601 1294 2641 rem

166 2684 305 2738 nostram
320 2677 572 2759 comprobamus,
585 2697 653 2757 cap.
669 2675 878 2752 Consuluisti,
895 2676 942 2736 De
957 2675 1168 2736 celebratione
1183 2675 1293 2737 missa·

166 2789 260 2833 rum:
278 2771 524 2854 Respondemus,
542 2773 659 2854 inquit,
676 2771 763 2855 quod
778 2779 905 2853 eccepto
921 2771 972 2832 die
985 2771 1171 2832 Natiuitatis
1187 2771 1293 2832 Domi-

166 2869 260 2948 nicae‚
277 2877 351 2944 etc,
368 2867 490 2952 sufficit
505 2867 664 2930 sacerdoti
682 2868 780 2929 semel
794 2869 827 2928 in
844 2867 896 2930 die
917 2889 1012 2928 unam
1032 2867 1160 2928 mirsam
1176 2867 1293 2928 solunt·

165 2964 258 3028 modo
272 2965 444 3028 celebrare.
462 2965 614 3048 Equidem
631 2965 807 3026 Alexander
823 2965 863 3038 ll,
882 2965 928 3025 uti
944 2963 1087 3046 superius
1102 2985 1293 3025 commemo-

165 3063 318 3136 ravimus,
335 3069 367 3122 et
387 3063 587 3122 Innocentius
604 3061 649 3120 lll
671 3061 718 3121 usi
739 3069 811 3121 sunt
827 3061 886 3120 hoc
906 3060 1016 3120 eodem
1038 3059 1133 3120 verbo
1153 3058 1292 3142 sufficit:

164 3167 198 3220 at
219 3159 357 3219 secundo
382 3166 503 3219 tantum
527 3157 598 3218 loco
622 3179 677 3239 per
701 3157 730 3217 id
755 3157 885 3217 verbum
909 3162 1099 3238 praeceptum
1124 3155 1290 3228 indicitur;

165 3277 237 3316 nam
257 3255 282 3315 si
302 3256 372 3337 quis
392 3255 543 3335 integram
565 3254 740 3315 Innocentii
759 3253 947 3315 decretalem
968 3259 1145 3334 percurrat,
1160 3253 1292 3335 apertis-

165 3351 242 3412 sime
262 3359 431 3432 cognoscet
449 3351 481 3410 id
502 3351 635 3432 petitum
656 3341 750 3412 luisse
770 3372 787 3411 a
808 3349 976 3424 Pontifice,
999 3357 1104 3410 utrum
1120 3347 1292 3432 presbyter

164 3446 245 3509 duas
265 3447 377 3509 missas
399 3447 430 3508 in
452 3445 561 3508 eadem
583 3446 635 3508 die
656 3447 758 3508 valeat
777 3445 949 3508 celebrare.
972 3446 1070 3508 Porro
1091 3445 1168 3506 illud
1191 3446 1292 3506 ualeat

163 3543 246 3604 idem
262 3565 389 3624 prorsus
409 3544 562 3624 significat
576 3564 612 3604 ac
633 3543 736 3604 liceat.
753 3543 833 3602 Cum
853 3541 949 3622 igitur
968 3561 1150 3622 responsum
1171 3540 1292 3600 dederit

165 3641 311 3702 Pontifex
331 3639 475 3700 sulficere
494 3639 653 3702 sacerdoti
671 3639 768 3700 semel
790 3638 821 3697 in
841 3638 890 3698 die
913 3657 1006 3697 unam
1029 3637 1154 3698 missam
1176 3637 1291 3697 solum-

164 3735 259 3796 modo
278 3733 455 3813 celehrare,
477 3735 554 3795 illud
575 3733 712 3817 sufficit,
737 3733 917 3794 sacerdotes
939 3731 1036 3812 adigit
1058 3739 1230 3814 pnecepto,
1253 3753 1290 3792 no

164 3833 253 3914 plura
269 3831 417 3893 sacrificia
433 3853 496 3892 uno
511 3831 561 3892 die
581 3831 707 3892 iaciant.

205 3929 251 3988 lta
266 3927 457 4010 Vasquesius
472 3929 697 4009 interpretatur
712 3948 749 3989 co
765 3927 850 4000 loco,
867 3947 959 4008 quem
976 3926 1069 4007 paulo
1084 3933 1156 3986 ante
1173 3925 1290 3986 indica·

163 4025 281 4100 vimus,
294 4047 325 4084 n.
338 4024 393 4084 44:
409 4024 492 4084 Nam
508 4023 593 4106 qrrod
607 4023 775 4106 quesitum
790 4022 864 4104 snit,
882 4029 987 4082 utrum
1001 4021 1102 4084 valeat
1116 4020 1287 4093 celebrare,

164 4120 248 4182 idem
263 4127 319 4196 est,
336 4143 373 4181 ac
387 4120 418 4182 si
429 4127 635 4204 quereretur,
655 4128 760 4180 utrum¹
777 4119 869 4181 liceat
884 4118 914 4179 ei
928 4117 1099 4180 celebrare.
1118 4117 1197 4179 Cum
1213 4137 1288 4200 erqo

164 4215 327 4299 respondit
341 4217 501 4300 Pontifex,
516 4217 644 4290 suflicit,
658 4225 732 4291 eto,
746 4217 804 4276 ltoc
816 4214 945 4276 verbnm
960 4213 1086 4276 denotat
1093 4221 1285 4295 preceptum

164 4313 350 4389 oroltiliens,
365 4315 537 4396 plusquam
554 4314 651 4375 semel
665 4312 836 4374 celebrare.
855 4312 963 4393 Neque
978 4311 1081 4372 mirari
1097 4311 1166 4393 quis
1181 4309 1285 4377 debet.
