3224 5044
311 476 355 526 DE
374 475 566 538 QUIBUSDAM
585 476 671 527 ntus
690 471 818 527 TITULIS
838 475 1035 528 APPLICANDI
1055 477 1180 528 trissant
1260 477 1305 528 171

180 621 214 684 iu
231 643 298 685 una
317 619 532 702 Marsorum,
551 619 593 683 12
607 642 687 685 nov.
705 619 807 702 1831,
824 619 902 684 huic
917 620 1060 708 quaesito
1077 639 1085 686 :
1106 646 1122 680 «
1139 621 1194 686 23.
1212 621 1309 685 Vica-

179 734 221 798 rii
247 733 450 821 capitulares
479 713 682 799 tenenturne
716 734 759 799 ad
791 733 878 798 hanc
903 733 1016 800 missac
1047 733 1307 822 applicationem

179 847 260 913 sede
286 851 451 913 vacante?
472 875 488 908 n
516 848 716 935 respondit:
740 875 756 909 a
786 848 841 913 Ad
870 847 924 914 23.
948 849 1110 934 Nepatioe
1124 851 1146 913 ¹.
1174 875 1190 910 >r
1225 847 1308 926 Quae

178 961 305 1027 decisio
330 961 483 1026 unanimi
509 983 678 1027 consensu
705 962 882 1027 doctorum
908 969 1049 1050 excepta
1077 969 1145 1042 est,
1176 985 1307 1048 usuque

178 1075 363 1140 communi.
380 1115 424 1124 -
443 1075 513 1141 Nec
533 1075 651 1143 dicas:
675 1079 706 1141 l.
728 1061 877 1140 L'eonem
897 1075 978 1140 XIII
994 1077 1081 1140 hano
1101 1075 1308 1141 decisionem

178 1189 360 1256 sustulisse
385 1189 548 1277 implicite
571 1213 632 1254 sua
656 1196 765 1254 const.
794 1190 836 1254 In
859 1212 1035 1274 suprema,
1057 1191 1092 1253 in
1112 1213 1178 1278 qua
1198 1189 1308 1253 decla·

177 1304 266 1369 ravit
292 1327 380 1370 ourae
407 1304 590 1392 episcopali
617 1326 785 1369 annexam
816 1327 890 1369 esse
923 1302 1166 1390 obligationem
1195 1303 1308 1366 missac

172 1441 240 1505 pro
259 1419 401 1506 populo.
430 1418 518 1483 Nam
537 1418 573 1482 in
599 1417 661 1482 hac
687 1416 780 1482 bulla
804 1417 872 1482 Leo
893 1416 974 1482 XIII
999 1439 1067 1482 non
1087 1417 1158 1504 agit
1181 1416 1247 1482 nisi
1266 1416 1308 1481 de

179 1532 356 1618 Episcopia
388 1537 422 1596 et
453 1529 633 1596 abbatibus
666 1531 827 1614 Nullius,·
859 1538 1019 1596 caeterum
1052 1529 1138 1596 bene
1167 1537 1308 1596 noverat

129 1653 131 1656 ’
179 1645 247 1710 Leo
260 1643 340 1710 XIII
356 1645 442 1710 hanc
458 1644 664 1710 decisionem
680 1645 715 1711 S.
735 1645 804 1734 Rit,
824 1645 949 1731 Congr.
967 1645 1001 1709 in
1012 1667 1080 1710 una
1094 1644 1304 1727 Marsorum,

178 1780 219 1822 ex
246 1781 313 1846 qua
333 1757 435 1823 refert
457 1765 491 1824 et
510 1757 675 1847 approbat
703 1759 959 1845 responsionem
986 1758 1028 1823 ad
1055 1759 1135 1839 22²3
1158 1781 1255 1844 ergo,
1278 1757 1307 1820 si

178 1873 434 1960 responsionem
450 1872 491 1938 ad
506 1872 548 1938 23
565 1873 775 1962 supprimere
790 1872 971 1954 voluisset,
989 1871 1099 1936 dicere
1118 1871 1304 1936 debuisset.

177 1985 275 2051 Unde
300 1987 402 2050 etiam
430 1993 509 2075 post
538 1986 625 2052 bano
651 1985 780 2051 bullam
812 2008 880 2050 non
907 1985 1070 2050 recedunt
1103 1985 1259 2049 doctores
1287 2007 1306 2048 a

178 2100 455 2164 communissima
481 2101 671 2188 opinione³.
694 2138 737 2150 -
764 2100 835 2165 Nec
861 2099 976 2166 dicas:
998 2099 1029 2163 2.
1058 2098 1156 2163 Curae
1179 2097 1306 2162 anima-

177 2236 253 2278 rum
284 2236 452 2279 annexam
484 2237 558 2278 esse
581 2224 749 2300 praecepto
778 2215 890 2278 divino
921 2212 1163 2300 obligationem
1193 2212 1306 2276 missae

173 2350 240 2413 pro
259 2329 401 2414 populo,
423 2329 511 2394 Nam
538 2353 618 2394 cura
644 2330 832 2394 animarum
861 2353 963 2417 quam
992 2335 1125 2394 exer-cet
1151 2326 1305 2392 Vicarius

178 2441 373 2529 capitularis
408 2450 461 2508 est
495 2449 587 2508 certo
625 2443 749 2508 certius
776 2445 873 2529 juria
911 2449 1045 2507 tantum
1077 2440 1306 2520 ecclesiastici,·

176 2578 276 2643 porro
301 2555 453 2621 Ecclesia
477 2556 652 2621 constituit
676 2579 792 2622 curam
816 2556 1021 2636 animarum,
1047 2555 1184 2640 quando
1214 2553 1302 2636 vult,

177 2677 208 2733 et
237 2691 315 2734 cum
349 2667 401 2734 bia
425 2671 585 2755 partibus
615 2678 647 2734 et
680 2669 851 2734 elementia
884 2691 959 2754 quae
994 2667 1083 2750 vult,
1115 2672 1154 2730 ut
1180 2689 1240 2752 per
1269 2688 1304 2729 sc

177 2790 283 2871 patet.
555 2856 558 2862 ¹

222 2896 256 2962 8⁰
279 2897 328 2961 De
357 2897 488 2962 Vicario
506 2897 668 2984 qenerali.
699 2935 741 2947 -
760 2895 839 2961 Non
860 2903 994 2960 tenetur
1011 2896 1056 2960 ad
1076 2894 1212 2958 misaam
1238 2915 1304 2978 pro

172 3011 314 3096 populo.
337 2981 433 3076 Libet
447 3011 537 3076 enim
557 3010 680 3076 habeat
690 3010 963 3098 jurisdictionem
986 3008 1203 3089 ordinariam,
1220 3013 1304 3071 atta-

178 3147 272 3207 men,
294 3126 329 3190 in
348 3125 461 3214 aliquo
481 3147 600 3206 sensu,
623 3132 675 3189 est
698 3124 876 3210 delegatus
895 3122 1070 3211 Episcopi,
1097 3123 1151 3186 cui
1175 3121 1305 3185 incum-

176 3237 226 3303 bit
245 3261 332 3304 ouus
351 3239 490 3304 missam
509 3237 701 3327 applicandi
720 3262 780 3326 pro
800 3237 948 3302 dioeoesi
972 3237 1015 3302 Et
1039 3237 1085 3301 ita
1105 3257 1234 3300 omnes

222 3351 256 3419 9⁰
274 3352 323 3417 Dc
340 3353 574 3438 superioribus
601 3353 829 3438 repuleribus.
850 3391 895 3400 -
919 3351 963 3416 Hi
988 3373 1054 3416 non
1080 3357 1237 3415 tenentur
1261 3348 1306 3412 ad

178 3467 315 3532 missam
340 3489 407 3552 pro
422 3467 563 3554 populo.
587 3468 659 3532 Hoc
686 3466 824 3556 quidem
851 3464 914 3530 fuit
938 3465 1087 3554 graviter
1110 3470 1305 3528 controver-

176 3603 253 3645 sum
283 3603 339 3646 an.
370 3581 472 3660 11111,
499 3587 533 3646 et
563 3580 707 3646 relatum
738 3581 780 3646 ad
811 3580 846 3646 S.
879 3579 1004 3666 Congr.
1038 3579 1157 3658 Conc,
1191 3575 1304 3662 ibique

208 3813 217 3846 ¹
237 3813 349 3863 Decreta
364 3813 534 3874 authentica,
551 3815 657 3874 Romus,
673 3819 748 3874 1898,
764 3830 790 3865 n.
807 3819 881 3874 1881,
897 3816 917 3862 1,
933 3829 963 3872 11,
978 3829 1004 3876 p.
1020 3817 1074 3861 133.

208 3893 219 3929 ¹
237 3892 267 3940 In
282 3897 294 3954 5
309 3893 472 3959 Quanquam
485 3909 562 3953 aero,
579 3911 605 3958 p.
621 3899 660 3943 9³.

209 3972 220 4008 ³
237 3972 281 4021 Sic
296 3974 378 4022 etiam
398 3977 461 4036 post
480 3989 579 4023 annum
604 3979 664 4023 1881
685 3977 779 4024 tenent
800 3973 930 4023 vicarium
950 3973 1128 4036 capitularem
1145 3985 1199 4018 non
1219 3969 1304 4018 teneri

177 4053 211 4102 ad
233 4053 343 4102 missam
363 4068 413 4116 pro
434 4055 549 4118 populo,
573 4055 734 4114 Bucceroni‚
756 4052 938 4104 Euchiridr'on
960 4051 1075 4110 morale,
1099 4051 1205 4108 Roman,
1229 4052 1303 4106 1887,

177 4149 204 4196 p.
220 4137 264 4193 οὓς
280 4159 311 4170 ·-
326 4133 468 4196 Gasparri‚
485 4134 523 4183 De
536 4134 725 4193 Barbariana,
746 4149 772 4184 n.
793 4138 851 4193 5⁰0,
872 4149 899 4198 p.
915 4137 973 4192 3573
990 4159 1020 4170 -
1034 4131 1207 4188 d'Annibale,
1223 4128 1303 4178 Sum-

178 4211 265 4271 mula,
286 4214 328 4262 811.
349 4217 378 4272 8,
399 4215 524 4272 1.111,1.
545 4219 604 4276 169,
625 4217 682 4265 not.
702 4221 745 4274 80,
767 4229 793 4278 p.
814 4217 872 4274 1⁴⁷3
893 4241 924 4251 -
944 4213 1067 4276 scriptor
1088 4210 1217 4275 periodlci
1237 4209 1304 4259 Acta

175 4292 202 4342 S.
218 4291 308 4352 Sedis,
325 4297 415 4350 81111,
432 4307 457 4355 p.
474 4296 530 4342 555.
