3224 5044
395 525 438 574 na
457 513 628 576 nissanun
647 525 878 576 ataauosrns
897 524 1107 576 nlnuanans
1264 525 1315 578 105

189 668 254 742 bus
278 669 336 756 qui
365 669 408 734 ad
432 691 507 734 eam
531 669 759 758 deferuntur).
781 708 825 718 -
849 668 947 748 Quod
981 670 1010 734 si
1034 693 1102 735 non
1126 677 1315 759 apponatur

189 783 261 847 haec
279 782 407 863 tabula,
431 783 618 872 Episcopus
637 784 772 872 proprio
787 783 864 870 jure
884 806 1002 850 cavere
1020 791 1133 873 potest
1153 785 1194 850 de
1213 785 1314 850 modo

189 903 224 961 et
243 896 317 961 loco
343 895 576 962 translationis
600 898 796 976 missarum,
822 921 897 987 quae
921 900 1103 987 supersint.
1130 900 1217 964 Nam
1237 899 1315 964 licet

189 1033 258 1075 non
282 1011 390 1098 possit
414 1017 622 1076 commutare
650 1011 801 1076 fidelium
825 1012 1035 1094 voluntateS,
1061 1021 1174 1101 potest
1199 1020 1314 1078 tamen

190 1146 247 1188 eas
265 1124 495 1212 interpretari,
517 1125 706 1213 praesertim
725 1125 861 1213 quando
884 1125 936 1190 hae
961 1126 1155 1192 voluntates
1176 1128 1315 1214 impedi-

191 1245 302 1302 mento
315 1239 413 1324 juris
430 1238 486 1302 vel
504 1239 590 1324 sacti
605 1247 776 1325 nequount
790 1239 1001 1325 adimpleri¹.

237 1449 303 1518 52.
315 1490 359 1499 -
375 1449 574 1538 obligatio
597 1451 729 1539 quoad
748 1451 981 1539 qualitatem
1004 1453 1149 1521 missae.
1171 1492 1214 1501 -
1234 1453 1315 1517 Haec

191 1563 363 1630 dicenda:
626 1579 628 1586 '

237 1676 269 1740 l⁰
288 1677 323 1742 Si
343 1679 487 1743 offerens
506 1686 600 1767 petat
623 1679 763 1746 missam
779 1702 845 1764 pro
865 1681 1041 1765 defuncto,
1069 1681 1225 1744 sacerdos
1244 1680 1315 1745 suf-

193 1789 343 1855 ficienter
362 1791 526 1858 satisfacit
540 1817 600 1881 per
617 1793 877 1882 applicationem
898 1791 1078 1880 cujuslibet
1098 1794 1222 1874 missae,
1237 1793 1316 1858 licet

192 1926 260 1968 non
287 1905 332 1970 sit
362 1907 466 1972 missa
497 1908 731 1994 darequicm.
769 1945 811 1957 -
845 1907 888 1972 Et
919 1907 1086 1995 quidem:
1122 1907 1152 1972 l.
1184 1907 1316 1974 Solutio

192 2018 330 2083 omnino
350 2025 441 2084 certa
461 2028 529 2102 est,
552 2021 582 2085 si
608 2021 765 2087 sacerdos
786 2021 932 2110 applicet
953 2021 1091 2085 missam
1107 2043 1173 2106 pro
1192 2021 1315 2107 desun-

191 2139 260 2215 cto,
301 2133 355 2198 die
392 2132 479 2199 festo
517 2135 670 2220 duplici,·
706 2134 785 2222 quia
829 2135 864 2200 S.
894 2135 963 2199 Rit.
1004 2133 1145 2222 Congu,
1186 2136 1316 2199 decreto

192 2247 212 2311 ὅ
232 2269 309 2333 aug.
334 2245 436 2330 1662,
458 2248 630 2336 prohibuit
655 2271 699 2314 ne
722 2246 841 2313 diebus
868 2248 963 2314 festis
989 2248 1180 2337 duplicibus
1204 2249 1316 2314 missen

192 2360 232 2423 de
255 2361 406 2447 requiem
426 2361 692 2444 celebrarentur,
711 2361 878 2450 simulque
899 2362 1098 2444 declaravit,
1114 2364 1162 2428 sic
1180 2363 1316 2428 volente

194 2471 294 2539 Rom.
318 2475 507 2541 Pontifice:
531 2503 546 2537 o
570 2476 605 2542 Si
625 2499 667 2541 ex
691 2475 944 2542 benefactorum
967 2477 1181 2564 praescripto,
1204 2477 1316 2542 missae

192 2586 388 2674 hujusmodi
417 2589 626 2655 celebrandae
651 2591 804 2655 incidunt
836 2591 870 2654 in
901 2591 1024 2655 festum
1062 2591 1204 2679 duplex,
1236 2598 1315 2655 tunc

192 2702 330 2768 minime
357 2703 604 2769 transferantur
629 2704 663 2768 in
690 2704 791 2770 aliam
821 2705 910 2768 diem
937 2727 1004 2768 non
1033 2705 1247 2792 impeditam,
1273 2727 1316 2768 ne

193 2815 311 2881 dilatio
340 2817 517 2882 animabus
544 2819 704 2906 suffragia
731 2817 1006 2906 exspectantibus
1030 2818 1232 2883 detrimento
1259 2817 1314 2898 sit,

194 2930 255 2995 sed
279 2931 440 2996 dicantur
463 2933 609 3018 desasto
635 2935 788 2997 currenti
811 2954 888 2996 cnm
913 2932 1136 3018 applicatione
1161 2933 1317 3016 sacrificii

187 3043 293 3130 juata
315 3053 459 3110 mentem
483 3069 600 3111 corum
624 3048 881 3132 bencfactorum
895 3051 917 3111 ².
942 3073 957 3106 o
985 3045 1084 3124 Quod
1104 3045 1211 3126 valet,
1238 3047 1317 3110 licet

193 3157 425 3226 benefactores
452 3161 612 3249 petierint
638 3184 705 3224 non
727 3167 859 3225 tantum
890 3161 1029 3225 missam
1052 3183 1113 3248 pro
1140 3159 1314 3242 defuncto,

194 3273 375 3338 sedetiam
398 3275 538 3340 missam
569 3275 608 3338 de
633 3275 803 3360 requiem,
825 3275 903 3363 quia
927 3275 1028 3339 etiam
1057 3275 1098 3339 de
1123 3274 1317 3364 hujusmodi

194 3387 297 3452 missa
316 3388 429 3476 agitur
448 3389 482 3452 in
500 3389 651 3470 decreto,
669 3395 707 3452 ut
723 3396 817 3478 patet
835 3413 877 3454 ex
892 3396 1054 3454 contextu
1066 3391 1091 3470 3;
1114 3429 1150 3440 -
1172 3391 1204 3455 2.
1224 3389 1317 3454 ldenr
1397 3431 1402 3440 ·

193 3507 322 3565 certum
347 3502 449 3568 etiam
472 3502 622 3582 videtur,
645 3503 674 3567 si
698 3503 855 3568 sacerdos
877 3504 1016 3567 missam
1036 3503 1077 3568 de
1096 3504 1149 3569 die
1172 3504 1317 3592 applicet

189 3637 255 3700 pro
281 3617 458 3701 defuncto,
481 3617 583 3682 etiam
609 3617 662 3681 die
687 3615 773 3681 festo
797 3617 1052 3704 semi-duplici,
1075 3624 1133 3681 aut
1156 3617 1260 3697 infra,
1282 3617 1317 3680 in

194 3752 261 3816 quo
280 3737 397 3818 posset
417 3731 526 3796 dicere
550 3731 690 3796 missam
714 3733 754 3795 de
779 3733 950 3818 requiem,·
975 3750 1078 3798 nam:
1105 3753 1136 3795 a.
1161 3729 1242 3795 Alia
1266 3737 1317 3794 est

193 3844 375 3931 applicatio
404 3845 573 3924 sacrificii,
600 3843 686 3910 alius
706 3846 807 3924 ritus;
837 3845 865 3908 si
886 3844 1030 3908 offerens
1058 3849 1151 3931 petat
1178 3843 1317 3908 missam

227 4023 233 4056 ¹
251 4023 289 4072 Cf.
302 4023 429 4084 Gonnum,
443 4021 660 4082 Cotuullaaioni,
674 4027 736 4083 etc,
749 4027 818 4086 part.
834 4023 868 4084 ll,
882 4038 956 4071 cons.
971 4021 1243 4085 2‚Napoli‚1892‚p.
1258 4027 1316 4078 ³06;

196 4131 222 4138 -
238 4103 412 4162 d'Annibale,
428 4103 581 4161 Summula,
597 4103 639 4151 cd.
656 4109 678 4162 3,
695 4107 714 4152 t.
731 4119 771 4162 nr,
788 4120 814 4151 n.
830 4109 873 4162 69,
890 4104 916 4151 in
931 4103 996 4162 line,
1012 4117 1038 4166 p.
1053 4106 1091 4149 67.

225 4183 365 4232 ²Decreta
380 4182 548 4241 authentica,
565 4199 591 4234 n.
608 4188 682 4244 12³8,
696 4187 715 4233 t.
731 4199 750 4242 ι,
765 4199 791 4246 p.
807 4189 861 4231 255.

226 4261 282 4310 ³ln
297 4277 351 4326 quo
367 4277 430 4312 casu
446 4263 478 4313 R.
495 4263 632 4322 Pontifex,
648 4279 698 4326 pro
713 4279 760 4312 sua
775 4278 901 4326 suprema
920 4267 1069 4326 potestate,
1086 4263 1223 4326 paululum
1244 4277 1317 4311 com-

195 4343 311 4392 mutavit
326 4344 481 4392 voluntates
494 4343 705 4392 benefactorum.
