3224 5044
324 497 375 551 170
805 495 850 548 DE
869 497 968 549 Missa

320 644 413 724 1000,
438 651 617 709 tencantur
636 643 934 708 indiscriminatim
957 665 999 706 ecc
1014 643 1156 729 J'uatitia
1180 644 1355 730 applicare
1376 647 1459 712 mia—

320 779 393 823 aam
421 779 487 842 pro
512 759 641 844 populo
675 756 795 822 diebus
827 756 935 822 iestis.
968 784 984 816 »
1016 757 1208 844 Respondit
1238 757 1273 824 S.
1308 759 1455 846 Congr.,

319 869 372 934 die
392 871 434 936 23
454 871 566 936 martii
587 871 696 938 1863:
720 899 735 932 a
758 871 940 957 Nepative,
964 871 1150 936 dummodo
1175 895 1245 936 non
1269 881 1395 960 agatur
1414 873 1458 938 de

317 984 418 1066 locis,
435 983 608 1074 inquibus
627 985 725 1051 sedes
739 985 949 1073 episcopales
968 1008 1007 1050 ac
1022 985 1177 1073 paroeciae
1196 987 1361 1052 canonice
1381 1011 1458 1054 ere-

318 1106 380 1164 ctae
391 1099 463 1187 jam
483 1099 563 1182 sint,
581 1106 683 1188 atque
703 1099 821 1164 adeas
841 1099 995 1164 Vicarius
1010 1099 1218 1187 apostolicus
1237 1107 1272 1166 et
1291 1101 1458 1166 mission-

318 1213 403 1278 narii
422 1214 517 1279 missi
537 1214 621 1297 sint,
644 1219 683 1279 ut
701 1213 931 1300 legitimorum
945 1219 1121 1301 pastorum
1141 1214 1234 1280 vices
1253 1219 1417 1302 gerant¹;
1441 1245 1457 1276 n

318 1327 449 1394 addidit
480 1335 594 1394 autem
627 1328 662 1394 S.
699 1327 824 1414 Congr.
861 1326 1041 1393 dicendum
1083 1350 1152 1392 non
1190 1352 1265 1394 esse
1297 1329 1458 1396 Vicarios

321 1445 425 1507 teneri
455 1466 497 1506 ex
524 1443 689 1508 charitate
714 1441 757 1506 ad
783 1441 1021 1530 applicandum
1045 1465 1107 1530 pro
1131 1443 1274 1531 populo,
1297 1443 1360 1508 sed
1379 1453 1458 1509 tnn-

319 1563 393 1622 tum
414 1583 431 1616 «
452 1557 566 1620 decere
586 1579 627 1620 ec
645 1557 827 1638 charitate,
850 1555 895 1620 ita
917 1555 1070 1621 utnulla
1089 1558 1232 1642 proprie
1250 1557 1348 1622 dicta
1369 1559 1457 1624 ohli-

318 1671 464 1756 gationia
483 1671 684 1756 significatio
710 1675 895 1756 appareat*
923 1689 961 1752 »,·
984 1707 1028 1718 —
1059 1672 1091 1736 3.
1121 1671 1218 1735 Hanc
1243 1669 1456 1738 decisionem

319 1807 374 1851 an.
403 1783 489 1851 1863
514 1784 690 1850 innovavit
717 1790 750 1850 et
775 1784 988 1849 confirmavit
1012 1783 1130 1849 eadem
1158 1785 1284 1872 Congr.
1312 1786 1455 1852 decreto

320 1899 361 1966 18
376 1922 453 1988 aug.
478 1898 583 1981 1866,
605 1897 804 1964 01261061.
829 1897 947 1964 10153.

362 2014 397 2079 h.
424 2013 460 2078 Si
479 2021 600 2100 agatur
619 2013 660 2078 de
680 2012 780 2091 locis,
805 2014 839 2077 in
858 2013 985 2098 quibus
997 2014 1077 2099 jam
1101 2021 1210 2077 erecta
1230 2014 1273 2077 ait
1293 2015 1455 2080 canonice

318 2128 480 2212 dioecesis,
507 2127 663 2192 Vicarius
696 2127 923 2214 apostolicus,
960 2127 1040 2192 illuc
1073 2127 1199 2192 missus
1232 2135 1270 2194 ut
1304 2129 1455 2216 legitimi

317 2240 463 2328 pastoris
492 2239 584 2305 vices
610 2247 724 2326 gerat,
750 2247 886 2306 tenetur
914 2242 957 2307 ad
987 2241 1128 2306 missam
1150 2263 1218 2326 pro
1240 2242 1385 2327 populo.
1408 2281 1453 2292 -

318 2353 461 2420 Constat
480 2353 569 2418 clare
585 2355 641 2420 cit.
663 2355 834 2420 decisione
854 2354 888 2420 S.
912 2355 1036 2442 Congr.
1060 2355 1236 2421 romanii
1258 2353 1356 2421 1863.

360 2583 428 2652 90.
448 2622 492 2632 -
512 2585 545 2650 7⁰
560 2584 608 2648 De
633 2583 765 2648 Vicario
784 2584 977 2670 capitulari.
998 2623 1043 2633 -
1062 2583 1217 2648 Vicarius
1236 2583 1449 2673 capitularis,

316 2698 395 2764 sede
415 2705 572 2780 vacante,
591 2721 657 2764 non
678 2705 811 2763 tenetur
829 2699 873 2762 ad
888 2698 1024 2762 miaaam
1039 2720 1106 2783 pro
1121 2698 1263 2784 populo.
1278 2737 1323 2748 -
1336 2700 1451 2787 Hujus

315 2813 528 2895 assertionis,
557 2836 632 2902 quae
665 2819 800 2900 recepta
833 2819 885 2876 est
917 2811 1005 2876 inter
1035 2810 1208 2893 doctores,
1243 2835 1312 2876 non
1346 2813 1450 2879 video

314 2927 416 2993 aliam
431 2927 756 2993 demonstrationem
772 2925 911 3008 seriam,
929 2925 994 2990 nisi
1008 2927 1042 2990 in
1059 2927 1129 3012 ipsa
1146 2926 1317 2990 uoluntate
1332 2927 1451 2992 Eccle-

313 3043 380 3126 siae,
403 3065 478 3130 quae
498 3041 650 3106 Vicarios
676 3040 880 3128 capitulares
904 3040 968 3104 hoc
994 3061 1095 3104 onere
1118 3038 1300 3105 adstrictos
1320 3041 1447 3108 noluit.

315 3157 458 3222 Exercet
482 3155 620 3243 quidem
647 3155 801 3220 Vicarius
827 3152 1023 3241 capitularis
1049 3175 1164 3218 curam
1198 3153 1447 3241 episcopalem,

272 3333 274 3336 .
315 3241 519 3334 ordinariam
543 3275 577 3333 et
598 3269 846 3350 immediatam,
872 3268 996 3332 interni
1020 3274 1122 3356 atque
1146 3267 1279 3333 externi
1303 3267 1386 3350 1011,
1413 3275 1450 3334 01

314 3382 455 3471 proinde
474 3381 583 3468 primo
603 3382 765 3470 adspectu
789 3382 962 3447 videretur
981 3405 1059 3447 eum
1083 3382 1207 3463 teneri,
1230 3383 1319 3447 siout
1338 3381 1449 3446 admi-

314 3497 476 3562 nistrator
489 3497 696 3584 apostolicus
712 3503 745 3563 et
764 3495 911 3562 vicarius
930 3503 1067 3562 curatus
1086 3496 1255 3585 parochiae
1274 3497 1446 3578 vacanliS,

313 3611 515 3680 admissam
547 3635 608 3700 pro
637 3611 779 3700 populo;
801 3611 891 3676 unde
921 3633 990 3676 non
1023 3610 1119 3676 deest
1145 3611 1204 3698 qui
1228 3618 1345 3676 teneat
1365 3633 1447 3676 eum

311 3749 429 3793 revera
453 3727 531 3792 huic
555 3726 649 3791 oneri
672 3724 813 3791 subesse
825 3727 847 3790 ⁴.
880 3725 1043 3791 Attamen
1065 3725 1216 3790 Ecclesia
1240 3723 1447 3790 1100101011-

311 3841 362 3906 dit
377 3839 547 3906 Viearium
562 3840 782 3926 capitularem
798 3840 861 3904 hoe
874 3861 976 3904 onere
988 3861 1129 3926 gravare
1139 3857 1146 3918 3
1158 3837 1192 3904 S.
1210 3838 1281 3904 Rit.
1297 3838 1444 3926 Congr.,

343 4003 351 4036 ¹
372 4001 553 4060 Collectanea,
571 4017 596 4050 n.
611 4006 669 4062 105,
685 4017 711 4064 p.
728 4007 766 4050 78.

341 4083 352 4118 ¹
369 4083 451 4141 loia..
465 4083 492 4131 in
507 4084 601 4132 eadem
616 4083 753 4132 decisione
768 4097 811 4130 an.
828 4085 902 4141 1860,
919 4080 953 4130 ed
966 4087 988 4131 2.

341 4165 351 4200 Ι
368 4161 449 4222 Ibin,
466 4178 490 4211 n.
508 4167 567 4222 105;
585 4190 612 4199 -
628 4179 654 4212 11.
671 4167 729 4220 109,
745 4177 772 4226 p.
789 4167 827 4210 79.

340 4245 351 4278 ⁴
369 4243 413 4293 Sic
428 4244 461 4292 cl.
478 4239 967 4306 60111011,1101110100001001001100,
985 4243 1004 4290 t.
1028 4257 1043 4288 x
1061 4240 1117 4304 (an.
1134 4238 1311 4300 1897-1898),
1334 4253 1400 4302 pars
1415 4240 1440 4298 1,

310 4339 336 4387 p.
353 4328 410 4382 109,
428 4327 482 4374 159.
