3246 5026
291 421 344 476 380
777 425 821 476 ΒΕ
840 425 939 478 Mlssl
975 441 979 450 ⁴

292 567 401 648 ligitur
419 591 455 629 ex
472 570 598 632 decreto
614 571 661 630 De
682 569 903 646 observandis,
926 576 956 630 et
976 568 1132 630 evitandis
1155 567 1187 628 in
1209 566 1425 628 celebratione

293 664 406 724 missa.

334 759 369 819 In
385 761 545 822 nonnullis
560 761 739 842 regionibus
755 784 822 824 mos
839 763 1027 837 inoleverat,
1045 762 1130 844 quod
1146 761 1273 842 parochi
1288 761 1423 820 duarum

292 855 508 938 parochiarum
529 857 604 919 feria
624 867 711 920 sexta
736 859 864 940 majoris
882 858 1087 919 hebdomadae
1107 857 1247 918 officium
1268 857 1425 916 faciebant

292 953 426 1035 primum
442 953 473 1012 in
490 975 550 1014 una
570 975 608 1014 ex
624 955 794 1036 parochiis,
811 963 843 1014 et
858 955 970 1015 deinde
991 954 1068 1014 illud
1089 953 1244 1014 iterabant
1263 954 1296 1014 iu
1311 953 1421 1013 altera.

290 1049 406 1130 lejunii
421 1057 612 1131 praeceptum
628 1052 660 1110 in
673 1051 850 1134 sumptione
860 1051 1066 1114 Eucharistiae
1078 1071 1142 1112 non
1158 1059 1207 1110 est
1217 1050 1297 1132 juris
1310 1050 1422 1120 divini,

293 1145 347 1206 sed
379 1147 596 1218 ecclesiastici,
630 1155 710 1208 teste
739 1147 888 1208 cardinali
916 1147 1003 1208 Bona
1031 1148 1148 1207 Rerum
1178 1145 1422 1229 liturgicarum,

293 1241 347 1300 lib.
365 1241 392 1317 l,
415 1263 482 1323 cap.
501 1263 555 1316 xri,
578 1265 663 1306 nuni.
685 1247 719 1316 2,
742 1243 793 1303 ubi
815 1243 909 1303 refert
929 1243 1018 1304 initio
1040 1263 1103 1304 non
1125 1243 1271 1302 omnibus
1293 1242 1324 1300 in
1346 1241 1425 1301 locis

294 1337 456 1397 universos
476 1339 623 1419 praedicta
643 1340 711 1418 lege
731 1339 899 1400 obstrictos
919 1339 1033 1412 fuisse;
1050 1359 1200 1418 cumque,
1217 1337 1277 1398 hoc
1297 1337 1425 1396 minime

294 1434 453 1507 obstante,
471 1435 721 1496 animadversum
743 1436 851 1496 fuisset
867 1435 1038 1516 parochum
1053 1435 1264 1496 celebrantem
1284 1434 1424 1494 officium

293 1532 325 1590 in
350 1530 484 1590 secunda
512 1531 674 1611 parochia,
701 1550 763 1592 non
790 1532 935 1614 jejunum
965 1553 1086 1592 sumere
1109 1530 1336 1591 Eucharistiam
1365 1529 1426 1588 sub

294 1627 396 1708 specie
412 1627 500 1708 panis
513 1635 701 1709 (sumpserat
717 1629 800 1689 enim
816 1630 846 1688 in
862 1628 978 1702 officio,
994 1627 1078 1709 quod
1093 1627 1265 1690 celebravit
1280 1625 1425 1706 inprime

295 1723 457 1804 parochia,
484 1725 668 1804 particulam
695 1727 814 1786 Hostiae
841 1733 1030 1786 consecratae
1057 1725 1106 1785 die
1131 1721 1336 1805 praecedenti‚
1364 1742 1426 1781 una

295 1839 366 1880 cum
390 1821 462 1880 vino
485 1841 547 1882 non
570 1829 769 1899 consecrato,
791 1831 821 1882 et
844 1823 887 1882 sic
907 1823 1064 1904 jejunium
1090 1821 1224 1900 fregerat
1247 1817 1425 1890 naturale),

296 1917 462 1998 reprobata
478 1917 537 1978 fuit
551 1920 763 1993 consuetudo,
781 1919 854 1993 etsi,
873 1919 918 1979 uti
937 1919 1144 1989 asserebatur,
1162 1915 1269 1998 pietati
1285 1923 1316 1976 et
1331 1914 1429 1974 devo-

297 2013 374 2072 tioni
397 2015 513 2076 innixa.
541 2015 610 2076 Hoc
632 2016 775 2097 exemplo
799 2015 933 2096 perculsi
955 2015 1006 2074 alii
1030 2013 1156 2095 parochi
1179 2013 1310 2074 duarum
1334 2031 1428 2092 paro-

297 2107 453 2184 chiarum,
488 2111 579 2170 aliam
617 2111 807 2172 induxerunt
843 2111 1121 2184 consuetudinem,
1156 2118 1190 2170 ut
1223 2109 1255 2168 in
1293 2115 1429 2188 utraque

297 2203 443 2285 parochia
473 2207 610 2265 officium
640 2206 724 2266 feria·
755 2215 850 2266 sextae
879 2207 1006 2288 rnajoris
1037 2206 1240 2266 hebdomadae
1270 2203 1429 2265 celebrare

298 2307 443 2381 possent;
461 2302 719 2381 pretermittendi
736 2302 882 2362 videlicet
898 2302 1046 2363 haustum
1062 2303 1126 2362 vini
1140 2303 1172 2360 in
1187 2301 1288 2381 primo
1303 2301 1427 2370 officio,

298 2397 382 2478 quod
399 2398 430 2456 in
445 2398 543 2479 prima
558 2399 704 2479 parochia
720 2399 936 2473 celebrabant,
952 2407 1110 2460 sumentes
1126 2398 1343 2459 tantummodo
1358 2417 1428 2478 spe·

298 2493 376 2553 ciem
392 2494 492 2573 panis,
509 2501 544 2554 ut
555 2495 673 2575 jejuni,
689 2495 720 2554 in
737 2495 872 2556 secunda
889 2496 1049 2577 parochia,
1066 2495 1167 2555 officia
1184 2493 1337 2566 facerent,
1354 2493 1428 2551 mis-

299 2609 443 2669 samque,
464 2611 534 2670 quae
556 2590 672 2652 dicitur
693 2593 1041 2674 praesanctificatorum,
1068 2591 1272 2652 celebrarent.
1297 2591 1339 2648 At
1360 2589 1428 2648 ban·

299 2703 424 2768 quoque
445 2688 639 2749 consuetudo
658 2688 719 2748 fuit
738 2689 919 2770 reprobata,
938 2697 1049 2770 utpote
1064 2687 1217 2748 contraria
1239 2685 1312 2746 ritui
1326 2686 1429 2745 eccle-

299 2781 440 2854 siastice,
472 2805 564 2864 quem
596 2794 624 2844 el
656 2785 741 2846 Ordo
768 2806 931 2858 romanuS,
960 2794 991 2845 et
1019 2783 1298 2845 Sacramentarium
1328 2781 1428 2842 sancti

301 2877 443 2958 Gregorii
460 2881 680 2960 preescribunt,
693 2890 724 2942 ct
739 2882 866 2942 adhibet
884 2882 1069 2942 universalis
1085 2879 1232 2942 Ecclesia.
1247 2879 1430 2939 Franciscus

301 2975 425 3055 Sylvius
441 2977 544 3056 magni
560 2978 694 3036 nominis
710 2978 889 3058 theologus,
909 2987 984 3039 tom.
1002 3000 1031 3052 v,
1049 2997 1176 3038 suorum
1194 2974 1347 3056 Operum,
1365 2975 1430 3034 edi-

302 3071 395 3133 tionis
406 3073 653 3152 Antuerpiensis,
667 3083 746 3136 orat.
759 3096 780 3147 1,
793 3095 862 3156 quae
878 3082 924 3134 est
941 3075 1033 3135 unica
1048 3073 1086 3134 de
1110 3071 1216 3154 officio
1228 3072 1426 3137 Parasceees,

301 3188 366 3228 rem
382 3169 528 3248 graphice
544 3170 687 3249 exponit,
705 3191 761 3230 nec
781 3171 989 3251 parochorum
1006 3169 1225 3230 consuetudini
1241 3175 1346 3228 censet
1362 3187 1429 3226 esse

302 3263 366 3324 ullo
386 3262 479 3322 modo
500 3263 714 3328 deferendum.
732 3267 779 3326 De
799 3266 857 3328 hac
877 3267 986 3327 eadem
1009 3287 1041 3326 re
1062 3265 1151 3346 plura
1172 3263 1327 3324 habentur
1345 3261 1428 3343 apud

301 3361 415 3420 Suarez
429 3355 464 3418 ln
482 3357 532 3418 III
547 3366 669 3440 partem
690 3360 756 3421 divi
774 3362 910 3441 Thema,
930 3371 1003 3424 tom.
1019 3383 1060 3433 111,
1078 3369 1188 3442 quaest.
1207 3361 1428 3434 xxx111,art.‘2,

302 3455 431 3537 disquis
452 3455 572 3530 LXXX,
590 3465 665 3517 sect.
688 3458 867 3518 111.EtNos
887 3458 945 3539 ipsi
962 3457 1028 3518 haec
1048 3457 1152 3518 omnia
1172 3455 1372 3537 exposuimus
1398 3455 1429 3513 in

303 3560 411 3614 nostro
425 3552 571 3614 Tractatn
584 3552 622 3614 de
634 3553 791 3636 sacrificio
807 3555 921 3632 nu'ssee,
934 3555 1015 3637 typis
1029 3554 1188 3614 Patavinis
1203 3553 1298 3626 edito,
1309 3559 1384 3612 sect.
1396 3571 1428 3619 n,

302 3651 386 3729 §393
404 3650 481 3710 etin
497 3651 558 3710 alio
578 3650 725 3712 Tractotn
742 3651 780 3711 de
798 3651 889 3732 [estis
905 3650 1036 3713 Domini
1054 3650 1130 3712 Jcsu
1151 3648 1287 3724 Christi,
1304 3655 1384 3730 part.
1399 3648 1429 3717 l,

304 3747 385 3828 typis
405 3767 529 3828 quoque
550 3748 707 3808 Patavinis
726 3749 826 3822 edito,
848 3753 863 3824 ,8
882 3749 941 3810 336
956 3767 1016 3829 sq.,
1040 3747 1271 3808 confutavimus
1293 3765 1429 3805 errorem

303 3843 486 3905 Graecorum
502 3843 783 3919 schismaticorum,
800 3845 854 3926 qui
870 3845 980 3906 volunt
999 3846 1031 3904 in
1051 3845 1144 3904 missa
1159 3843 1431 3925 praesanctificato-

303 3963 387 4017 rum,
414 3963 470 4023 per
496 3943 725 4002 immersionem
755 3942 915 4024 particulae
942 3944 974 4002 in
1002 3942 1131 4002 calicem
1157 3961 1196 4000 ex
1224 3938 1430 4000 sacratissima

305 4039 415 4102 Hostia
436 4039 600 4115 detractae,
625 4040 1004 4102 transsubstantiationem
1027 4039 1093 4099 fleri
1113 4037 1178 4097 vini
1197 4037 1229 4096 in
1249 4035 1429 4115 sanguinem

305 4138 436 4212 Christi,
458 4145 490 4200 et
511 4138 662 4212 diximus,
685 4137 877 4198 sacerdotem
899 4137 930 4198 in
951 4135 1056 4197 officio
1079 4135 1164 4195 feriae
1187 4139 1282 4194 sextae
1305 4130 1432 4212 majoris

305 4235 508 4298 hebdomadae
528 4255 649 4296 sumere
670 4233 787 4295 Christi
807 4233 929 4314 Corpus
950 4241 980 4294 et
995 4231 1201 4313 Sanguinem,
1219 4249 1289 4288 cum
1310 4235 1431 4288 utrum-
