3246 5026
309 483 360 540 308
611 485 656 536 DE
675 477 889 536 slncnsslno
913 481 1132 535 sncnnuunrc

308 667 352 682 -
371 631 556 712 Caeterum,
577 651 644 718 quo
664 629 787 694 melius
809 627 1022 715 singulorum
1044 625 1184 692 utilitati
1202 627 1432 714 provideatur,

308 745 433 836 poterit
470 744 572 809 aliam
604 744 770 808 minorem
799 748 935 807 ertatem
970 741 1194 806 determinare
1234 763 1292 828 pro
1320 742 1436 829 pueris

308 858 511 948 degentibus
539 859 573 924 in
593 857 706 946 parvis
733 857 937 936 seminariis,
960 856 994 919 in
1021 855 1172 942 collegiis
1196 855 1436 921 ecclesiasticis

308 982 367 1042 aut
390 974 596 1053 christianis,
623 980 702 1053 etc,
729 970 787 1036 ubi
813 971 912 1036 citius
946 969 1043 1059 pueri
1072 969 1310 1036 discretionem
1340 970 1436 1035 suffi-

309 1093 454 1158 cientem
473 1089 664 1177 acquirunt‚
686 1110 747 1153 nec
767 1085 922 1151 imminet
940 1081 1127 1172 perieulum
1147 1083 1324 1151 deserendi
1341 1091 1436 1150 cate-

310 1206 476 1272 chismum
496 1210 574 1291 post
593 1203 736 1290 primam
756 1201 1040 1267 communionem.
1055 1239 1100 1249 -
1115 1199 1220 1266 Dixi:
1243 1199 1340 1264 modo
1359 1201 1435 1265 duae

309 1321 515 1387 conditiones
533 1328 721 1401 serventur,
743 1317 785 1382 de
805 1315 929 1404 quibus
949 1317 1076 1382 statim.

355 1436 390 1502 3ο
413 1433 593 1499 Servanda
623 1433 828 1498 conditiones
843 1453 856 1497 .·
878 1433 907 1496 l.
941 1428 1037 1496 Prior
1067 1431 1216 1496 conditio
1245 1437 1297 1496 est
1321 1435 1376 1511 ut,
1398 1429 1434 1494 iu

310 1551 372 1614 hac
402 1545 658 1613 determinanda
688 1553 803 1627 etate,
835 1567 902 1610 non
936 1546 1081 1610 nimium
1110 1546 1294 1630 differatur
1318 1545 1435 1630 prima

308 1662 512 1728 communic.
538 1661 704 1726 -Ratio
731 1667 784 1726 est
809 1661 887 1749 quia
912 1659 1050 1726 tandem
1075 1659 1277 1747 aliquando,
1299 1658 1435 1748 quando

308 1777 404 1867 pueri
430 1783 657 1865 peruenerunt
687 1776 729 1840 ad
759 1775 853 1840 illam
883 1781 1019 1840 aetatem
1045 1773 1275 1856 discretionis,
1297 1774 1338 1840 de
1367 1796 1434 1861 qua

309 1915 411 1982 supra
431 1890 559 1957 dictum
579 1897 646 1972 est,
665 1891 739 1978 jus,
762 1890 876 1955 sinon
897 1889 1066 1973 divinum,
1089 1888 1211 1956 saltem
1231 1889 1435 1955 ecclesiasti·

308 2031 385 2073 cum
413 2005 569 2094 generale
591 2005 725 2093 (contra
750 2003 841 2093 quod
864 2003 948 2069 nihil
973 2001 1087 2093 potest
1108 2003 1313 2094 Episcopus)
1334 2003 1434 2092 jubet

307 2144 366 2187 eos
393 2142 523 2185 sacram
548 2119 820 2184 communionem
841 2119 1003 2206 recipere;
1026 2119 1081 2184 lex
1108 2118 1261 2207 quidem,
1283 2126 1322 2184 ut
1345 2118 1431 2201 dixi,

308 2235 422 2323 aliquo
446 2233 675 2298 moderamine
702 2241 889 2321 temperata
914 2241 991 2300 est:
1015 2261 1030 2293 a
1054 2234 1130 2299 Nisi
1157 2237 1265 2319 sorte,
1292 2235 1333 2298 dc
1350 2257 1434 2320 pro-

302 2349 375 2434 prii
392 2348 575 2413 sacerdotis
594 2348 743 2432 consilia,
762 2355 841 2430 etc,
866 2375 882 2410 »
904 2348 964 2414 sed
983 2347 1047 2414 hoc
1070 2355 1339 2437 temperamento
1359 2372 1435 2415 mo-

306 2463 421 2529 derate
439 2461 489 2526 uti
509 2460 609 2526 debet
628 2461 822 2550 episeopus,
843 2469 882 2528 ut
900 2469 995 2550 patet
1013 2485 1055 2528 ex
1074 2463 1240 2551 gravilate
1259 2465 1432 2552 praecepti,

306 2587 401 2644 etex
429 2578 502 2664 ipso
528 2585 645 2642 tenore
672 2577 816 2664 capitis:
848 2577 958 2642 «Nisi
981 2582 1088 2664 sorte,
1117 2585 1182 2643 ete.
1208 2607 1223 2640 o
1248 2616 1292 2628 -
1316 2579 1431 2660 Unde,

306 2715 411 2782 quum
426 2691 606 2757 concilium
620 2692 906 2780 Rothomagense,
920 2714 974 2758 an.
994 2691 1091 2776 1850,
1109 2692 1263 2758 absolute
1278 2701 1311 2759 et
1331 2717 1435 2782 gene·

306 2807 421 2874 raliter
446 2807 687 2896 praecepisset:
717 2833 732 2866 a
756 2807 865 2872 Nemo
884 2807 927 2872 ad
946 2816 1195 2874 sacramentum
1221 2809 1433 2875 eucharistiae

306 2922 414 3011 prima
451 2921 524 2986 vice
557 2921 810 3010 suscipiendum
847 2921 1048 2988 admittatur
1079 2923 1161 3011 quin
1194 2925 1432 2990 duodecimum

269 3091 273 3099 .
305 3037 425 3103 saltem
444 3059 573 3101 annum
592 3044 681 3101 certo
700 3037 870 3122 altiperit,
896 3065 912 3098 »
932 3037 968 3103 S.
995 3037 1120 3126 Congr.
1149 3037 1268 3119 Cone,
1288 3039 1325 3104 in
1345 3039 1433 3104 revi-

306 3152 399 3217 sione
430 3150 530 3238 hujus
556 3151 706 3232 concilii,
724 3150 828 3238 jussit
860 3151 964 3216 deleri
992 3151 1131 3240 praefata
1161 3151 1281 3234 verba,
1314 3155 1432 3242 eisque

306 3263 466 3330 substitui
485 3287 560 3351 quae
580 3286 670 3330 nune
689 3265 860 3352 leguntur,
883 3287 1030 3354 nempe:
1060 3295 1074 3326 n
1097 3267 1246 3334 Nemo...
1270 3269 1432 3336 admitta-

305 3385 371 3460 tur,
394 3377 451 3464 qui
470 3378 621 3443 nondum
639 3379 741 3467 hujus
760 3380 961 3446 sacramenti
985 3383 1213 3468 cognitionem
1233 3392 1267 3450 et
1290 3391 1431 3472 gustum

304 3489 442 3574 habeat,
464 3491 593 3580 judicio
617 3495 804 3581 praesertim
828 3495 983 3582 parochi,
1006 3519 1044 3562 ae
1069 3498 1254 3564 sacerdotis
1278 3499 1332 3566 cui
1351 3523 1431 3589 pec-

304 3614 378 3674 cata
396 3628 480 3695 puer
499 3607 710 3674 confitetur.
737 3637 753 3670 ›>
772 3647 817 3658 -
835 3609 868 3676 2.
897 3610 1016 3677 Altera
1041 3613 1189 3679 conditio
1213 3620 1283 3695 est,
1305 3621 1428 3681 utnon

298 3722 527 3808 prohibeatur
549 3723 722 3809 parochus
750 3725 831 3789 dare
863 3725 1016 3810 primam
1050 3729 1320 3794 communionem
1356 3731 1431 3819 (sed

298 3834 483 3923 privatim)
509 3858 633 3921 puero,
660 3839 762 3902 etiam
789 3839 884 3926 infra
910 3841 1051 3926 lepalcm
1077 3851 1208 3908 aetatem
1227 3845 1427 3931 constituto,

302 3949 364 4036 qui
388 3957 479 4014 certo
505 3957 537 4014 et
560 3951 649 4015 clare
663 3953 792 4038 polleat
811 3953 1008 4020 discretione
1032 3959 1229 4043 sufficienti.
1257 3960 1357 4025 Ratio
1377 3970 1429 4026 est

336 4112 343 4145 ¹
362 4111 443 4160 Conc.
461 4111 691 4177 Rothomagensc‚
707 4119 777 4178 part.
795 4115 831 4174 ll,
844 4117 916 4166 decr.
930 4117 989 4175 XV,
1006 4119 1246 4178 nonachorum,
1264 4137 1288 4169 n.
1306 4127 1332 4178 2,
1344 4137 1370 4184 p.
1387 4129 1426 4170 ³5.

302 4191 460 4240 -Factum
477 4195 567 4242 autern
584 4193 664 4259 hujus
683 4196 841 4245 mutationis
861 4197 988 4261 aCongr.
1008 4199 1089 4248 Cone.
1106 4199 1245 4262 imperatu
1259 4205 1385 4251 narratur
1400 4205 1426 4252 in

302 4268 371 4330 sotio
386 4285 475 4320 causac
490 4273 681 4332 Annecienais,
698 4281 723 4324 21
739 4276 799 4340 julii
814 4281 875 4327 1888
891 4277 1076 4342 (Thesaurus,
1092 4285 1112 4330 t.
1128 4295 1229 4342 cxcvn,
1243 4295 1271 4344 p.
1288 4283 1357 4346 ⁴78).
