3224 5044
547 483 591 530 DE
610 481 716 533 MlSSlS
737 483 901 534 ronanus
1236 481 1285 534 12⁸1

158 629 292 692 decreto
310 624 348 709 5,
366 649 420 690 an.
439 625 541 707 1625,
559 627 677 715 partic.
700 631 712 692 l
735 647 742 694 :
767 659 781 689 ι(
858 626 984 693 Statuit
1003 635 1105 716 atque
1120 627 1282 711 decernit,

160 747 198 806 ut
216 739 368 828 pecuniae
388 763 426 804 ac
445 739 535 805 bona
555 739 692 805 mobilia
711 741 1281 837 ecclesiis,....congregationibus

158 853 435 935 monasteriis,...
482 853 517 917 in
555 853 707 920 luturum
740 855 938 944 simpliciter
972 855 1176 944 acquirenda
1208 880 1286 922 cum

158 991 261 1033 onere
284 974 448 1056 perpetuo
473 967 654 1032 missarum
678 968 972 1052 celebrandarum,
999 968 1041 1033 ab
1066 969 1108 1034 iis
1132 970 1175 1035 ad
1200 994 1286 1059 quos

158 1081 323 1170 pertinet,
352 1081 416 1146 sub
443 1103 544 1169 poena
576 1081 749 1149 interdicti
777 1082 819 1148 ab
852 1084 1008 1171 ingressu
1034 1084 1184 1149 ecclesiae
1212 1085 1286 1173 ipso

158 1196 249 1262 lacto
275 1195 477 1260 incurrenda
504 1219 524 1260 a
550 1195 603 1260 die
627 1197 728 1261 realis
752 1197 1001 1286 acquisitionis,
1023 1198 1140 1262 statim
1164 1197 1287 1286 deponi

158 1307 307 1373 debcant
325 1331 430 1396 penes
449 1309 556 1373 aedem
576 1332 708 1374 sacram
726 1311 782 1375 vel
801 1333 980 1399 personam
999 1311 1065 1376 fide
1088 1333 1126 1375 ac
1146 1310 1285 1378 faculta-

158 1421 252 1488 tibus
272 1422 448 1504 idoneam,
467 1423 509 1486 ad
524 1423 683 1488 ellectum
697 1423 756 1488 illa
770 1447 827 1489 seu
844 1424 984 1488 illorum
994 1425 1147 1509 pretium
1161 1447 1282 1511 quam·

153 1537 312 1622 primum
332 1537 528 1601 investiendi
555 1537 706 1603 inbonis
726 1538 958 1604 immobilibus
975 1539 1185 1624 fructiferis,
1202 1562 1281 1604 cum

157 1672 315 1736 expressa
334 1651 564 1716 et'indioiclua
584 1653 750 1716 mentione
777 1653 886 1717 oneris
906 1652 999 1738 quod
1023 1651 1091 1716 illis
1114 1675 1285 1718 annexum

158 1765 341 1850 reperitur.
367 1792 383 1825 n
405 1765 504 1830 Ratio
531 1773 584 1830 est
603 1765 681 1854 quia
701 1765 851 1854 alioquin
876 1767 938 1831 dos
958 1766 1144 1832 constituta
1169 1773 1286 1854 posset

158 1877 276 1942 statim
304 1878 459 1943 consumi
486 1878 521 1942 in
549 1879 720 1967 impensas
744 1879 821 1967 plus
846 1879 1001 1944 minusve
1026 1879 1144 1962 utiles,
1176 1887 1210 1945 ct
1238 1880 1286 1945 sic

158 1999 350 2058 remaneret
368 1992 403 2056 in
422 2000 624 2080 perpetuum
643 2015 729 2058 onus
758 1992 830 2058 sine
854 1993 925 2058 ullo
946 1993 1072 2075 reditu,
1095 1993 1186 2081 quod
1211 2016 1286 2081 gra-

158 2105 338 2170 vissimum
364 2112 454 2170 esset
483 2131 544 2195 pro
576 2107 691 2195 aliquo
717 2107 891 2188 instituto;
922 2107 986 2172 hoc
1014 2107 1153 2195 insuper
1175 2131 1281 2188 onus,

157 2242 237 2284 cum
260 2218 354 2284 nulla
376 2217 524 2285 utilitate
556 2220 792 2308 conjunctum,
818 2221 1035 2308 negligentiae
1059 2228 1094 2286 et
1122 2219 1285 2286 oblivioni

157 2339 250 2400 esset
283 2331 478 2399 obnoxium.
511 2371 554 2382 -
583 2333 688 2399 Poena
714 2333 906 2423 supradicta
933 2335 1102 2400 interdicti
1125 2335 1283 2417 cessavit,

158 2454 278 2535 utpote
297 2469 366 2512 non
380 2447 488 2512 relata
507 2448 543 2512 in
563 2456 672 2518 const.
694 2448 896 2534 Apostolicae
917 2447 1024 2514 Sedis.

202 2563 238 2627 2⁰
262 2561 388 2626 Modus
414 2562 648 2627 investimenti.
679 2601 723 2610 —
748 2562 851 2627 Juxta
877 2562 1021 2627 relatum
1048 2563 1220 2627 decretum
1245 2561 1282 2646 5,

158 2674 314 2740 investiri
334 2674 435 2740 debet
447 2675 508 2739 dos
526 2675 562 2738 in
581 2677 679 2740 bonis
694 2675 926 2740 immobilibus
944 2677 1154 2761 fructiferis,
1173 2675 1285 2764 qualia

159 2798 241 2856 sunt
266 2789 391 2878 proedia
417 2789 588 2854 rusticana
607 2790 664 2855 vel
682 2789 828 2868 urbana,
850 2794 914 2854 etc.
939 2788 1043 2853 Tituli
1067 2811 1232 2853 censuum
1250 2788 1285 2853 iu

158 2903 316 2968 serarium
333 2903 507 2992 publicum
528 2900 656 2990 (rentes
674 2925 736 2968 sur
761 2886 902 2991 l'Etat),
924 2901 980 2966 vel
1007 2901 1097 2967 tituli
1120 2901 1155 2966 in
1175 2901 1286 2967 varias

159 3017 339 3083 societates
359 3016 500 3105 (actions
513 3017 569 3083 vel
588 3017 791 3103 obliqationc
809 3039 871 3082 sur
891 3017 936 3081 les
950 3017 1102 3106 socie'tc's)
1116 3039 1184 3081 non
1205 3023 1286 3082 sunt

159 3129 249 3196 bona
279 3132 483 3218 immobilia,
517 3132 560 3198 ad
593 3153 732 3196 sensum
763 3130 850 3218 legis
887 3129 1072 3212 canonicae;
1108 3129 1215 3213 unde,
1250 3129 1286 3195 in

76 3245 83 3260 '
161 3244 271 3333 rigore
285 3245 388 3334 juris,
411 3245 473 3311 dos
493 3245 605 3311 oneris
624 3245 777 3335 perpetui
798 3245 979 3310 missarum
993 3244 1148 3311 investiri
1166 3245 1285 3334 nequit

160 3358 194 3422 in
223 3359 276 3424 his
303 3359 431 3442 titulis;
465 3383 584 3425 verum
615 3359 711 3448 quia,
749 3382 791 3425 cx
821 3360 939 3446 regula
966 3360 985 3425 6
1016 3359 1107 3425 luris
1128 3359 1175 3426 in
1203 3359 1250 3426 VI
1275 3380 1282 3428 :

161 3499 177 3534 a
200 3473 308 3538 Nemo
326 3479 441 3563 potest
458 3473 501 3539 ad
521 3474 724 3560 impossibile
743 3472 901 3561 obligari,
927 3501 943 3536 >i
964 3473 1094 3538 licitum
1113 3474 1152 3540 fit
1169 3473 1286 3560 hujus-

161 3587 252 3652 modi
281 3586 579 3670 investimcntum,
601 3587 657 3652 vel
680 3586 738 3653 ubi
767 3587 824 3652 lex
849 3586 958 3653 civilis
978 3609 1047 3651 non
1076 3586 1165 3652 sinat
1188 3585 1286 3651 aliter

161 3700 232 3766 lieri
258 3699 493 3767 fundationem
519 3724 622 3790 quam
648 3701 772 3789 emptis
791 3699 901 3772 titulis
928 3698 1033 3766 debiti
1058 3699 1201 3788 publici,
1229 3699 1285 3765 vel

160 3813 234 3898 ubi,
256 3821 387 3882 attenta
415 3815 533 3881 cedem
563 3817 655 3903 lege,
676 3822 750 3881 tuta
778 3837 846 3880 uon
873 3814 917 3880 sit
942 3813 1120 3902 acquisitio
1146 3811 1286 3901 praedio-

160 3951 252 4012 rum,
273 3929 330 3995 vel
347 3928 407 3995 ubi
425 3929 570 3996 inveniri
588 3935 759 4017 nequeant
778 3951 927 4016 congrua
946 3927 1083 4016 praedia.

206 4043 240 4109 3⁰
257 4043 407 4109 Mutatio
427 4045 661 4110 investimenti.
678 4083 722 4092 —-
738 4042 775 4109 Si
794 4041 882 4108 bona
902 4041 1088 4124 lructilera,
1111 4065 1186 4130 quae
1205 4064 1287 4107 con-

161 4157 271 4224 tinent
292 4157 408 4223 dotem
428 4157 539 4224 oneris
562 4157 717 4246 perpetui
740 4156 936 4238 missarum,
963 4155 1103 4222 alienari
1125 4155 1287 4238 (servatis

160 4269 284 4336 debitis
315 4270 609 4362 solemnitatibus)
640 4270 837 4358 contigerit,
872 4278 954 4336 tunc
986 4289 993 4337 :
1029 4297 1044 4330 a
1083 4270 1287 4336 Eorumdem
