3246 5026
647 514 850 568 nocumenta
1260 511 1314 566 355

182 654 347 714 individuo
360 652 564 734 exprimendi,
577 651 789 724 ecclesiarum,
801 651 1073 726 monasteriorum,
1085 656 1311 726 conventuum,

181 751 397 829 collegiorum,
412 748 632 830 capitulorum,
647 747 859 828 hospitalium,
874 747 1177 822 confraternitatum,
1192 757 1223 808 et
1238 749 1313 809 alio-

182 869 251 910 rum
267 867 537 930 quorumcumque
554 853 615 905 tam
632 844 816 904 secularium
832 865 925 925 quam
946 844 1133 924 regularium
1155 846 1311 921 locorum,

184 966 305 1006 necnon
321 944 464 1020 illorum,
480 941 573 1002 etiam
590 941 787 1022 juramento,
804 941 1040 1001 confirmatione
1060 942 1247 1022 apostolica,
1264 943 1313 1002 vel

183 1042 295 1123 quavis
310 1039 454 1099 tirmitate
470 1038 529 1099 alia
545 1037 714 1111 roboratis,
731 1037 857 1096 statutis
875 1043 906 1096 et
922 1038 1200 1128 consuetudinibus
1220 1039 1313 1098 etiam

185 1135 502 1208 immemorabilibus;
520 1133 690 1216 privilegiis
708 1153 852 1215 quoque,
875 1133 1021 1208 indultis,
1044 1142 1074 1194 et
1096 1134 1221 1194 Litteris
1241 1155 1314 1215 apo-

186 1233 317 1307 stolicis,
329 1233 422 1293 etiam
437 1231 517 1291 Mari
534 1251 657 1309 magno,
670 1250 725 1290 seu
739 1229 828 1289 Bulla
844 1250 936 1289 aurea
952 1237 1006 1290 aut
1021 1229 1096 1291 alias
1112 1231 1313 1310 nuncupatis,

186 1331 245 1390 suh
260 1329 509 1411 quibuscumque
530 1326 692 1386 tenoribus
707 1333 737 1386 et
758 1325 882 1400 formis,
899 1347 1020 1386 aecum
1040 1326 1201 1407 quibusvis
1221 1327 1315 1387 etium

187 1425 457 1505 derogatoriarum
479 1423 701 1502 derogatoriis,
727 1421 857 1504 aliisque
879 1421 1105 1483 efficacioribus
1129 1430 1159 1483 et
1180 1422 1315 1482 insolitis

187 1523 353 1595 clausulis;
375 1541 497 1581 necnon
518 1519 713 1580 irritantibus
733 1519 882 1594 decretis,
899 1519 992 1579 etiam
1013 1525 1099 1580 motu
1120 1519 1263 1600 propri0,
1285 1528 1317 1580 et

188 1641 226 1678 ex
248 1626 332 1678 corta
356 1617 500 1690 seientia,
521 1637 557 1676 ac
579 1616 617 1675 de
642 1615 821 1697 apostolica
844 1617 1008 1697 potestatis
1030 1616 1241 1697 plenitudine,
1262 1623 1316 1676 aut

188 1716 264 1775 alias
279 1713 527 1794 quomodolibet,
541 1713 634 1772 etiam
651 1732 706 1792 per
721 1713 802 1772 viam
818 1713 1126 1790 communicationis,
1141 1733 1194 1772 seu
1211 1721 1316 1772 exten-

189 1811 300 1880 sioniS,
326 1809 497 1882 concessis,
524 1817 554 1867 et
578 1808 697 1868 iteratis
722 1809 842 1869 vicibus
871 1808 1050 1889 approbatis
1079 1816 1110 1868 et
1138 1809 1314 1882 innovatis,

188 1907 311 1968 etiamsi
335 1927 391 1986 pro
416 1905 539 1965 illorum
566 1904 732 1966 sufficienti
757 1901 979 1982 derogatione,
1003 1904 1041 1964 de
1063 1904 1124 1964 illis
1145 1925 1316 1986 eorumque

191 2004 265 2063 totis
285 2002 445 2062 tenoribus
466 2009 497 2062 et
518 2001 641 2074 formis,
659 2000 802 2081 specialis
822 2008 853 2060 et
872 2000 1033 2084 individua
1053 2021 1088 2061 ac
1103 2001 1142 2059 de
1162 1999 1258 2060 verbo
1277 2001 1316 2060 ad
1382 1989 1384 1991 ’

190 2099 336 2172 verbum,
354 2117 415 2157 non
431 2104 535 2157 autem
551 2117 606 2178 per
621 2097 776 2157 clausulas
791 2097 967 2175 generales,
982 2097 1117 2170 mentio,
1132 2117 1186 2156 seu
1199 2097 1318 2178 quaevis

188 2195 248 2255 alia
264 2193 425 2275 expressio
440 2193 599 2266 habenda,
616 2201 670 2252 aut
684 2194 787 2274 aliqua
803 2194 861 2253 alia
882 2194 1034 2274 exquisita
1051 2193 1149 2253 forma
1165 2193 1317 2254 servanda

189 2300 287 2366 esset,
305 2299 428 2350 tenores
444 2289 639 2371 hujusmodi,
657 2291 732 2350 acsi
750 2290 789 2349 de
805 2290 901 2349 verbo
921 2289 959 2350 ad
976 2289 1123 2364 verbum,
1141 2290 1218 2350 nihil
1234 2291 1319 2372 peni·

192 2397 241 2448 tus
265 2387 396 2460 omisso,
420 2395 453 2446 et
476 2387 574 2445 lorma
599 2385 630 2444 in
655 2387 716 2446 illis
743 2386 857 2447 tradita.
879 2387 1059 2461 observata,
1083 2387 1190 2447 inserti
1215 2387 1319 2447 forent

191 2483 412 2564 praesentibus,
435 2503 491 2563 pro
512 2483 665 2563 expressis
681 2483 816 2554 habons;
834 2483 963 2562 quibus,
980 2483 1082 2564 quoad
1103 2504 1138 2543 ea
1157 2505 1217 2564 qua
1238 2503 1317 2564 prae-

190 2580 331 2640 sentibus
346 2579 564 2652 adversantur,
580 2577 640 2637 illis
655 2578 730 2638 alias
746 2579 775 2636 in
793 2598 848 2637 suo
863 2579 976 2637 robore
989 2579 1210 2659 permansuris,
1225 2579 1317 2640 Sacra

190 2676 416 2754 Congregatm,
433 2674 616 2735 Sanctitatis
632 2675 702 2734 Sueu
718 2674 920 2746 auctoritate,
938 2675 1114 2754 specialiter
1129 2683 1159 2734 et
1174 2695 1317 2756 expresse

190 2773 335 2852 derogat,
353 2771 537 2853 caeterisque
553 2771 716 2830 contrariis
731 2771 991 2851 quibuscumque.

230 2875 246 2946 ς’
272 2868 316 2927 14.
344 2868 384 2927 Et
410 2889 448 2927 ne
475 2867 708 2947 praemissorum
737 2867 910 2946 ignorantia
939 2888 954 2926 a
983 2885 1139 2947 quoquam
1167 2866 1318 2946 praetendi

191 2965 306 3046 possit,
330 2964 431 3023 voluit
455 2963 562 3022 eadem
585 2963 678 3024 Sacra
702 2964 928 3043 Congregati0,
951 2971 986 3023 ut
1005 2971 1172 3044 praesentes
1195 2961 1318 3024 ordina-

192 3061 293 3120 tiones
322 3061 353 3119 in
384 3059 482 3120 valvis
512 3059 709 3120 basilicarum
737 3060 841 3120 Sancti
868 3059 999 3120 Joanuis
1027 3058 1258 3132 lateranensis,
1287 3067 1318 3119 et

192 3157 345 3238 Principis
369 3155 584 3237 apostolorum
609 3156 648 3215 de
675 3156 774 3231 Urbe,
800 3177 835 3215 ac
860 3157 891 3215 in
916 3157 981 3216 acie
1007 3155 1117 3237 Campi
1143 3155 1257 3231 Florae,
1284 3163 1318 3216 ut

190 3253 285 3313 moris
306 3252 630 3326 est,als1xae,omnes
650 3251 687 3312 ad
709 3273 787 3334 quos
807 3253 980 3334 pertinent,
998 3253 1040 3313 ita
1060 3259 1181 3313 arctent
1201 3260 1232 3312 et
1252 3251 1318 3312 atfi-

188 3349 288 3421 ciant,
315 3369 350 3408 nc
379 3348 404 3406 si
434 3348 603 3428 unicuique
632 3349 838 3429 personaliter
866 3350 1019 3410 intimatae
1048 3350 1198 3422 luissent;
1224 3357 1317 3432 atque

189 3444 369 3505 earumdem
386 3444 585 3526 praescntium
602 3447 841 3527 transsumptis,
859 3446 952 3506 etiam
968 3446 1138 3526 impressis,
1155 3465 1248 3506 manu
1263 3444 1317 3505 ali·

188 3541 279 3621 cujus
304 3539 406 3600 notari
436 3539 553 3620 publici
582 3541 781 3622 subscriptis,
807 3551 837 3601 et
864 3541 965 3621 sigillo
992 3561 1134 3622 personae
1161 3541 1192 3599 in
1218 3541 1316 3618 digni-

190 3645 253 3696 tate
268 3636 477 3697 eeelesiastica
497 3636 677 3697 constitutae
699 3636 839 3712 munitis,
855 3638 962 3697 eadem
983 3657 1110 3718 prorsus
1131 3636 1207 3696 fides
1228 3635 1316 3696 adhi-

189 3733 310 3807 heatur,
336 3753 405 3813 quae
435 3732 639 3812 praesentibus
665 3731 877 3808 adhiberetur,
904 3733 928 3792 si
958 3733 1061 3792 forent
1089 3733 1235 3793 exhibitae
1264 3731 1314 3792 vel

187 3837 333 3890 ostensae.
350 3829 520 3888 -Datum
536 3829 644 3889 Romae
659 3828 709 3890 die
728 3833 763 3888 21
780 3829 861 3911 junii
887 3829 973 3890 1625.
992 3865 1031 3874 -
1051 3829 1184 3890 Cosmus
1207 3829 1314 3891 Cardi-

189 3925 267 3986 nalis
285 3925 323 3985 de
341 3925 464 3986 Torres.
480 3925 670 4006 -Prosper
686 3925 865 4005 Fagnanus,
883 3925 914 3987 S.
932 3925 1192 4008 Congregationis
1208 3927 1313 3986 Secre-

189 4023 297 4083 tarius.

231 4117 380 4178 Excitatis
401 4124 506 4178 autem
526 4137 619 4198 super
638 4119 869 4199 praemissorum
891 4118 1086 4180 decretorum
1107 4118 1313 4198 intelligentia

188 4235 243 4274 seu
259 4213 531 4294 interpretatione,
548 4213 753 4296 infrascriptis
769 4215 886 4291 dubiis,
903 4215 1086 4298 prodierunt
1105 4237 1122 4274 a
1142 4222 1313 4276 memorata

187 4309 306 4389 Congr.
335 4309 427 4370 simili
456 4311 643 4371 auctoritate
674 4310 718 4370 illi
750 4333 765 4370 n
795 4312 926 4394 praelato
954 4312 1080 4372 Urbano
1111 4311 1193 4394 Papa
1219 4310 1312 4388 Vlll,
