3246 5026
514 559 558 611 DE
576 559 709 612 saturno
727 558 966 612 EUCllthS'l'ICO
1149 635 1152 642 ¹
1252 560 1303 613 325

180 723 253 763 usus
265 701 377 784 jejunii
392 701 605 776 eucharistici,
621 710 655 763 ut
671 709 794 763 constat
808 702 1004 763 documentis
1018 725 1088 785 quae
1104 711 1278 786 sequuntur
1294 723 1300 763 τ

220 807 258 867 Α.
281 806 438 868 Palladius
457 807 622 888 episcopus
641 806 722 881 (del.
741 807 814 867 circ.
833 827 884 868 an.
899 806 954 867 431
966 813 991 882 ),
1013 808 1044 867 in
1064 806 1206 869 Historia
1222 809 1304 869 Lau-

178 911 280 990 siaea,
310 934 337 974 c.
365 933 410 986 rx,
442 912 579 972 reterens
604 912 700 972 vitam
723 933 888 994 moresque
911 913 1032 973 abbatis
1058 913 1235 994 cujusdam,
1262 912 1306 973 Or

179 1017 461 1100 nomine,‚ejusque
474 1017 709 1092 monachorum,
726 1019 758 1077 in
773 1025 879 1078 monte
893 1018 1013 1090 Nitriae,
1027 1025 1161 1078 testatur
1173 1039 1226 1079 eos
1243 1039 1305 1079 non

180 1123 238 1182 nisi
254 1123 382 1204 jejunos
400 1122 625 1183 Eucharistiam
645 1123 755 1183 solitos
771 1143 838 1182 esse
856 1123 1029 1203 percipere,
1048 1122 1177 1204 haecquc
1194 1123 1303 1184 addit:

181 1251 196 1284 a
210 1227 294 1287 Viris
307 1229 388 1288 enim
403 1229 521 1308 magnis
533 1234 604 1302 (τοῖς
617 1229 758 1308 μεγάλοις)
769 1247 836 1287 mos
852 1235 909 1302 cst,
924 1227 1000 1286 nihil
1014 1227 1114 1287 carnis
1129 1228 1304 1301 admittere,

179 1333 359 1414 priusquam
371 1333 508 1414 spiritale
521 1333 702 1393 alimentum
716 1331 826 1392 animae
839 1333 1024 1393 tradiderint
1039 1350 1045 1393 :
1063 1331 1129 1393 haec
1141 1340 1246 1393 autem
1260 1341 1307 1392 est

179 1437 296 1498 Christi
310 1438 488 1498 communio
501 1438 522 1498 ¹.
541 1463 554 1494 n
568 1475 608 1482 -
624 1437 717 1510 Item,
733 1437 826 1518 paulo
839 1438 930 1511 inira,
944 1459 971 1498 c.
991 1457 1044 1516 tn,
1058 1437 1195 1498 reserens
1210 1438 1306 1498 vitam

179 1543 300 1605 abbatis
321 1543 451 1626 Apollo,
475 1544 506 1603 in
526 1541 700 1618 Thebaide,
724 1551 857 1604 testatur
880 1543 947 1626 ejus
971 1544 1141 1604 monachos
1166 1564 1228 1604 non
1248 1543 1306 1603 nisi

176 1649 303 1730 jejunos
316 1650 545 1709 communicare
563 1648 673 1709 solitos
691 1669 756 1708 esse
772 1665 779 1708 :
798 1673 812 1704 a
829 1649 886 1718 Qui
904 1669 974 1708 cum
990 1649 1058 1730 ipso
1074 1655 1162 1710 erant
1178 1649 1305 1722 lratreS,

180 1755 362 1816 alimentum
388 1775 452 1814 non
479 1755 565 1835 prius
593 1753 802 1836 accipiebant,
833 1775 926 1835 quam
957 1754 1159 1815 Eucharistiae
1190 1753 1306 1815 Christi

179 1861 482 1922 communicassent:
506 1860 565 1920 hoc
582 1866 686 1920 autem
705 1859 861 1920 faciebant
878 1859 952 1920 hora
972 1881 1053 1920 noua
1070 1859 1131 1919 diei
1143 1859 1165 1920 ².
1182 1885 1197 1914 n
1216 1859 1305 1927 Quod

180 1973 268 2027 tanto
286 1965 383 2046 magis
401 1965 635 2025 memorandum
654 1973 734 2038 erat,
754 1965 838 2046 quod
857 1965 887 2024 in
905 1964 952 2024 his
970 1965 1148 2043 regionibus
1168 1964 1307 2024 nondum

179 2079 244 2132 erat
263 2071 322 2132 hoc
342 2079 482 2152 tempore
500 2071 590 2151 plene
609 2077 732 2151 recepta
748 2071 860 2152 jejunii
882 2069 1077 2131 eucharistici
1095 2068 1305 2142 consuetudo,

179 2177 333 2238 utstatim
349 2175 497 2236 discimus
512 2197 550 2235 ex
566 2175 705 2236 Socrate.

221 2283 257 2342 B.
275 2282 433 2355 Socrates,
450 2281 491 2341 II.
508 2279 540 2341 E
543 2327 562 2359 .,
578 2281 631 2341 lib.
646 2280 686 2354 V,
701 2302 728 2341 c.
746 2301 822 2354 xxn,
842 2288 975 2341 testatur
987 2281 1078 2341 simul
1095 2301 1184 2341 usum
1198 2280 1308 2362 praesa·

181 2395 247 2448 tum
272 2387 387 2468 ubique
411 2387 584 2465 vigentem,
610 2393 641 2446 et
665 2387 853 2446 contrariam
881 2385 995 2446 alicubi
1022 2385 1304 2446 consuetudinem:

181 2518 196 2548 (ι
213 2492 353 2573 AEgyptii
367 2492 419 2574 qui
434 2491 652 2552 Alexandrinis
666 2492 759 2550 vicini
778 2499 862 2562 sunt,
878 2491 941 2550 etii
955 2493 1007 2574 qui
1021 2490 1210 2552 Thebaidem
1223 2491 1307 2550 inco·
1405 2517 1408 2532 ¹

180 2598 264 2670 lunt,
279 2597 410 2658 sabbato
427 2596 554 2678 quidem
572 2597 722 2656 collectas
735 2595 883 2676 (σύναξεις,
899 2604 1073 2656 conventus
1090 2617 1201 2677 nempe
1220 2596 1306 2656 litur-

179 2703 283 2783 gicos)
301 2702 477 2775 celebrant,
499 2723 562 2762 non
582 2709 686 2762 tamen
701 2700 784 2761 sicut
802 2721 867 2760 mos
885 2707 931 2761 est
947 2700 1202 2762 Christianorum
1220 2722 1305 2760 sacra

179 2808 326 2890 mysteria
339 2808 534 2889 percipiunt;
550 2815 716 2889 postquam
735 2807 817 2866 enirn
838 2805 955 2888 epulati
973 2814 1061 2880 sunt,
1077 2813 1108 2866 et
1121 2806 1204 2866 omni
1220 2805 1305 2865 cibo-

179 2935 248 2974 rum
275 2935 386 2994 genere
413 2913 558 2986 saturati,
590 2913 648 2973 sub
676 2933 838 2993 vesperam
868 2911 1026 2972 oblatione
1056 2911 1136 2970 lacta
1165 2929 1305 2970 eommu-

179 3019 317 3080 nlcanl³.
335 3045 349 3074 u

219 3125 255 3185 C.
283 3125 335 3184 Sic
361 3123 478 3184 dictum
512 3123 745 3184 Testamentum
777 3121 906 3182 Domini
937 3121 1049 3183 Nostri
1074 3120 1150 3184 Jeeu
1183 3118 1305 3181 Christi

178 3229 291 3310 saepius
318 3237 348 3288 et
371 3229 494 3288 sortiter
514 3227 649 3288 inculcat
675 3227 775 3308 legem
795 3228 907 3310 jejunii
933 3227 1140 3288 eucharistici.
1167 3226 1233 3287 Lib.
1257 3225 1301 3299 ll,

178 3357 205 3397 c.
221 3356 269 3409 xx,
284 3355 378 3414 agens
391 3334 429 3394 de
444 3333 640 3394 solemnitate
654 3332 792 3405 Paschae,
807 3334 872 3394 ait:
891 3359 905 3390 a
920 3334 937 3394 J
941 3333 1034 3395 ubeat
1047 3335 1220 3415 Episcopus
1233 3352 1304 3412 pro·

177 3439 320 3514 clamari,
340 3459 379 3500 ne
393 3437 466 3520 quis
483 3435 649 3521 quidpiam
667 3445 788 3520 postet,
811 3437 909 3498 donec
929 3437 1124 3520 sacrificium
1143 3435 1302 3518 expletum

177 3543 291 3628 suerit,
310 3553 341 3605 et
361 3543 541 3604 universum
563 3543 708 3604 Ecclesiae
729 3565 842 3624 eorpus
863 3565 975 3604 novam
995 3563 1096 3604 escam
1117 3543 1300 3622 suscipiat...

178 3651 209 3710 Si
223 3653 303 3733 quie,
318 3657 485 3731 antequam
499 3650 750 3710 communionem
764 3649 1001 3710 eucharisticam
1015 3649 1173 3729 suscipiat,
1186 3647 1301 3727 aliquid

177 3757 426 3828 manducaverit,
442 3755 476 3815 lit
494 3775 580 3832 reue,
595 3763 626 3815 et
645 3775 839 3836 nequaquam
857 3754 915 3835 ipsi
934 3755 1139 3835 imputabitur
1151 3753 1199 3828 tin
1214 3753 1303 3812 meri-

209 3967 336 4032 ιΜὴζιω,
352 3969 382 4018 Ρ.
400 3969 440 4026 G„
458 3971 477 4016 t.
493 3981 580 4024 xxxiv,
597 3967 647 4014 col.
667 3971 734 4014 1029.

207 4047 313 4107 ¹1b5d„
329 4049 381 4097 col.
398 4051 467 4096 itta.

208 4127 219 4164 ³
233 4127 313 4186 ibid„
329 4131 349 4177 t.
366 4143 443 4187 nxvn,
455 4128 506 4177 col.
518 4131 607 4176 6353-
620 4125 686 4175 lliec
700 4126 869 4175 consuetudo
881 4127 1061 4176 Thebanorum
1074 4125 1161 4174 lucem
1175 4127 1203 4172 et
1217 4123 1303 4186 expli-

175 4209 310 4258 cationem
330 4209 427 4271 recipit
448 4223 481 4257 ex
501 4208 565 4264 hoc,
586 4207 659 4270 quod
678 4207 712 4254 ad
733 4207 813 4256 horas
833 4206 941 4258 sabbati
965 4207 1098 4256 serotinas
1116 4203 1303 4268 anticipabant

176 4289 286 4338 missam
301 4303 361 4352 quae
381 4303 459 4337 mane
476 4287 520 4336 die
539 4287 676 4336 dominico
693 4290 756 4349 post
775 4287 893 4350 vigiliam
911 4287 1042 4337 celebrari
1062 4285 1213 4342 debuisset;
1233 4285 1303 4334 unde

175 4367 289 4431 praelato
303 4369 473 4418 consuetudo
488 4383 541 4416 non
556 4367 666 4430 respicit
680 4367 731 4416 nisi
747 4367 816 4416 hanc
831 4369 940 4416 missam
953 4367 1069 4418 sabbati.
