3246 5026
311 500 362 555 354
794 503 838 551 DE
858 501 957 553 sassa

309 655 462 730 perpetuo
486 667 610 706 servare
635 645 762 705 omnino
784 653 958 719 tencantur,
981 665 1038 705 nec
1057 645 1177 726 possint
1199 645 1287 706 illum
1310 666 1438 726 quoquo

309 743 402 804 modo
417 763 545 822 augere,
563 742 655 802 etiam
671 749 826 822 praetextu
841 741 1000 822 augmenti
1017 741 1189 814 redituum,
1204 742 1322 822 absque
1335 741 1438 802 Sacrae

307 841 403 921 ipsius
418 837 678 918 Congregat'ionis
693 837 829 911 licentia.
847 837 1031 919 Superiores
1049 846 1153 898 autem
1170 837 1365 918 hujusmodi,
1382 839 1437 919 qui

307 936 455 1018 praedicta
472 935 575 994 omnia
595 934 626 993 in
647 935 774 1015 praefixo
796 934 931 994 termino
947 953 1009 993 non
1026 934 1244 1016 praestiterint,
1262 933 1310 994 vel
1326 954 1437 994 nume-

310 1053 395 1106 rum,
417 1039 452 1091 ut
478 1051 571 1112 supra
593 1030 827 1112 praescriptum,
848 1030 1074 1111 quovismodo
1098 1051 1212 1108 augere
1232 1051 1438 1111 praesumpse-

309 1129 388 1202 rint,
410 1127 595 1209 privationis
619 1126 759 1186 omnium
781 1126 973 1200 officiorum,
995 1147 1065 1207 quae
1088 1135 1162 1186 tunc
1184 1127 1333 1207 temporis
1355 1125 1438 1186 obti-

307 1225 445 1296 nebunt,
462 1223 610 1304 vocisque
625 1223 734 1282 activae
755 1231 787 1282 et
806 1221 938 1303 passivae
958 1221 1047 1282 etad
1068 1221 1172 1282 omnia
1192 1243 1255 1282 suae
1276 1222 1436 1301 religionis

304 1321 407 1381 ollicia
424 1328 455 1380 ct
470 1318 600 1398 graduS,
618 1317 820 1378 inhabilitatis
841 1325 1022 1399 perpetuam
1043 1339 1167 1399 poenam
1187 1339 1225 1378 co
1244 1317 1312 1399 ipso
1332 1318 1436 1378 incur-

304 1437 384 1492 rere,
399 1425 494 1497 atque
509 1415 588 1488 aliis,
605 1415 698 1474 ctiam
714 1414 926 1494 gravioribus,
942 1435 959 1474 a
975 1413 1055 1475 Sede
1070 1414 1242 1496 apostolica
1257 1413 1435 1493 inlligendis

304 1513 418 1593 poenis,
435 1512 520 1572 Sacr.
538 1511 655 1590 Congr.
673 1511 832 1590 subjacere
848 1511 960 1585 voluit,
977 1519 1009 1571 ct
1024 1510 1202 1572 declaravit.

344 1615 360 1684 ξ
377 1611 423 1668 10.
439 1607 594 1688 Deinceps
610 1629 685 1668 vero
700 1607 940 1680 monasterium,
955 1615 1148 1681 conventus,
1162 1607 1289 1680 domus,
1304 1627 1435 1686 congre·

302 1705 388 1784 gatio
403 1703 452 1764 vel
469 1704 600 1763 societas
616 1703 843 1782 religiosorum,
859 1723 913 1763 seu
927 1703 1116 1782 regularium
1130 1702 1239 1763 nullibi
1253 1703 1433 1784 recipiatur,

303 1801 362 1862 nisi
378 1809 492 1882 praeter
506 1801 564 1860 alia
580 1799 619 1860 ad
635 1799 665 1858 id
682 1799 846 1880 requisita,
863 1800 894 1858 in
915 1799 1044 1877 singulis
1064 1799 1244 1880 hujusmodi
1264 1798 1340 1860 locis
1354 1799 1433 1860 duo-

300 1897 402 1958 decim
425 1897 535 1956 saltem
559 1897 685 1968 iratres,
708 1903 762 1956 aut
785 1895 946 1970 monachi,
968 1916 1023 1956 seu
1043 1895 1179 1974 religiosi
1199 1895 1326 1975 degere,
1342 1903 1374 1955 et
1393 1915 1432 1955 ex

300 1993 468 2066 reditibus,
484 2000 514 2052 et
530 1993 687 2052 consuetis
702 1991 923 2072 eleemosynis,
938 1991 1087 2052 detractis
1100 1992 1260 2066 omnibuS,
1276 2001 1430 2072 utsupra,

300 2087 518 2162 detrahendis,
544 2095 760 2170 competenter
786 2088 954 2148 sustentari
982 2087 1121 2161 valeant,
1148 2089 1186 2148 ad
1213 2089 1432 2168 praescriptuni

298 2185 416 2244 decreti
433 2183 485 2243 sel.
504 2183 625 2244 record.
644 2183 776 2262 Gregor.
795 2183 852 2243 XV
868 2184 925 2244 hac
944 2183 983 2244 de
1003 2205 1035 2244 re
1051 2183 1144 2258 editi;
1165 2185 1304 2265 alioquin
1324 2204 1433 2244 mona-

297 2279 391 2340 steria
407 2288 438 2339 et
454 2279 520 2339 loca
542 2279 721 2359 hujusmodi
737 2280 868 2360 posthac
884 2279 1072 2362 recipienda,
1090 2281 1121 2339 in
1136 2280 1249 2361 quibus
1264 2279 1430 2340 duodecim

298 2375 450 2456 religiosi,
468 2383 626 2455 utsupra,
643 2377 823 2450 sustentari,
840 2383 934 2456 atque
950 2376 1123 2438 inhabitare
1140 2397 1201 2436 non
1217 2384 1380 2457 poterunt,
1398 2385 1432 2436 et

296 2480 368 2534 acta
390 2493 452 2531 non
472 2471 731 2544 inhabitaverint,
753 2471 910 2532 Ordinarii
932 2471 992 2532 loci
1013 2472 1202 2546 visitationi,
1223 2473 1429 2544 correctioni,

296 2577 391 2651 atque
406 2567 594 2628 omnimodae
606 2567 818 2649 jurisdictioni
834 2568 974 2649 subjecta
989 2589 1056 2628 csse
1072 2569 1296 2648 intelligantur.

337 2667 416 2741 511.
436 2663 534 2724 Porro
556 2685 593 2726 ne
613 2663 678 2725 ullo
698 2685 836 2746 unquam
857 2671 997 2745 tempore
1018 2665 1085 2725 haec
1108 2665 1139 2724 in
1157 2664 1351 2726 oblivionem
1373 2686 1429 2726 seu

295 2761 536 2823 desuetudinem
561 2761 688 2834 abeant,
714 2761 890 2841 superiores
915 2760 1030 2821 locales
1053 2761 1205 2842 cujusque
1230 2763 1428 2836 monasterii,

296 2866 487 2932 conventus,
504 2879 540 2918 ac
554 2857 666 2918 domus
681 2856 831 2935 regularis
850 2877 975 2931 curare,
993 2865 1086 2939 atque
1106 2857 1229 2918 efficere
1249 2865 1427 2931 teneantur,

297 2955 355 3015 sub
380 2953 679 3036 poenanprivationis
702 2953 813 3026 officii,
835 2953 982 3034 vocisque
1007 2953 1133 3028 activae,
1155 2961 1186 3013 et
1206 2954 1337 3034 passivae
1358 2955 1429 3036 ipso

233 3115 243 3134 α
297 3052 381 3112 lacto
401 3049 604 3124 incurrenda,
626 3057 662 3110 ut
680 3049 712 3108 in
733 3057 935 3130 perpetuum,
953 3057 1041 3109 sexto
1061 3070 1187 3130 quoque
1207 3069 1329 3125 meuse,
1346 3050 1430 3112 idest

299 3147 374 3207 teria
390 3145 525 3206 secunda
546 3153 618 3226 post
637 3145 769 3226 primam
789 3143 978 3206 dominicam
993 3145 1175 3220 Adventus,
1192 3154 1223 3206 et
1243 3147 1319 3207 feria
1339 3157 1429 3210 sexta

299 3249 368 3323 post
384 3249 526 3302 octavam
538 3241 687 3321 Corporis
698 3240 830 3316 Christi,
844 3247 1013 3322 praesentcs
1029 3241 1242 3302 ordinationes
1256 3243 1287 3302 in
1303 3243 1430 3324 publica

298 3357 403 3398 mensa
420 3335 632 3418 perlegantur.

337 3439 353 3512 ξ
375 3436 421 3495 12.
440 3433 591 3494 Omnibus
614 3441 677 3494 tam
700 3433 917 3495 ecclesiasticis
937 3437 1094 3516 personis,
1116 3436 1343 3517 cujuscumque
1365 3437 1429 3497 sint

297 3531 433 3606 ordinis,
450 3529 640 3591 conditionis
656 3537 686 3590 ct
701 3531 831 3608 gradus,
846 3551 940 3612 quam
954 3531 1039 3592 laicis
1051 3553 1249 3613 quocumque
1262 3531 1382 3592 honore
1397 3541 1430 3594 et

194 3649 199 3658 ·
299 3635 454 3710 potestate
467 3627 617 3708 praeditis,
633 3627 797 3708 praesentia
811 3626 933 3688 decreta
948 3627 1125 3688 declarandi
1139 3628 1186 3688 vel
1202 3629 1429 3709 interpretandi

300 3725 448 3784 facultate
463 3725 587 3805 penitus
602 3723 778 3784 interdicta.

340 3825 355 3894 ξ
372 3821 420 3882 13.
438 3821 508 3880 Non
524 3819 732 3894 obstantibus,
749 3820 852 3901 quoad
868 3819 1078 3902 suprascripta
1093 3821 1197 3882 omnia
1212 3830 1243 3882 et
1259 3821 1382 3902 singula
1396 3823 1429 3881 in

300 3916 507 4000 praesentibus
531 3915 664 3976 decretis
690 3923 853 3991 contenta,
880 3915 1168 3977 Constitutionibus
1194 3925 1225 3977 et
1250 3917 1430 3978 Ordinatio-

300 4015 391 4073 nibus
407 4011 586 4094 apostolicis
606 4011 637 4072 in
658 4012 797 4072 favorem
813 4032 1082 4093 quarumcumque
1096 4033 1316 4093 personarum,
1332 4022 1430 4095 atque

300 4109 445 4169 ordinum
471 4117 532 4168 tani
553 4107 793 4168 mendicantium
815 4129 908 4189 quam
932 4129 996 4169 non
1015 4108 1273 4184 mendicantium,
1295 4109 1429 4172 Militia-

302 4225 387 4276 rum,
404 4205 498 4265 ctiam
514 4204 546 4265 S.
563 4203 693 4264 loannis
710 4203 1002 4286 Hierosolymitani,
1019 4205 1313 4284 congregationum,
1330 4207 1430 4267 socie-

302 4307 418 4370 tatum,
444 4321 480 4360 ac
503 4299 671 4380 cujuslibet
695 4300 822 4360 alterius
846 4301 997 4374 instituti,
1023 4302 1116 4361 etiam
1142 4303 1315 4363 necessario
1341 4311 1371 4364 et
1396 4303 1430 4364 in
