3224 5044
323 471 374 528 1³2
806 467 850 518 DE
868 465 966 519 tussa

322 615 426 682 etiam
445 613 637 701 respondit,
658 636 719 701 pro
738 611 872 677 Vicario
896 610 1091 700 capitulari,
1112 610 1148 676 S,
1176 611 1301 697 Congr.
1324 611 1452 691 Cone„

324 733 364 797 tt
383 753 455 818 apr.
486 727 613 808 168413
634 765 678 778 -
703 727 736 791 2.
772 726 857 791 Item
884 747 958 791 esse
989 732 1239 814 competentem
1264 725 1454 792 Praelatum

321 843 475 926 Nullius,
496 848 535 908 ut
554 864 672 906 omnes
691 841 882 906 concedunt
894 843 915 918 ²,
933 839 1015 925 imo,
1031 847 1070 904 ut
1089 847 1184 928 puto,
1200 847 1234 904 ct
1253 840 1339 906 alios
1360 841 1453 904 Prae-

321 958 409 1024 latos
438 955 603 1022 habentes
619 954 893 1044 jurisdictionem
912 953 1011 1042 quasi
1037 953 1280 1042 episcopalem,
1308 954 1388 1041 quia
1416 955 1453 1018 hi

321 1095 440 1142 omnes
459 1071 619 1136 dicuntur
637 1076 671 1134 et
690 1075 770 1134 sunt
791 1067 977 1134 Ordinarii.

365 1284 433 1355 68.
453 1283 638 1370 —Leges
658 1281 850 1369 speciales
869 1281 1000 1369 quoad
1020 1281 1251 1368 Reguleres.
1272 1283 1452 1369 -Regu-

319 1399 420 1480 lares,
436 1397 548 1486 quoad
567 1395 870 1485 adimplemeutum
889 1394 1140 1478 fundationum,
1162 1402 1322 1462 tenentur
1340 1397 1452 1462 omui-

319 1510 383 1576 bus
406 1509 538 1596 legibus
562 1508 765 1596 supradictis
794 1509 953 1596 (excepta
974 1509 1151 1597 vigilantia
1170 1507 1366 1598 Episcopi),
1389 1511 1452 1576 sed

318 1623 473 1712 insuper,
499 1623 534 1688 in
558 1623 698 1687 decretis
721 1623 756 1688 S.
785 1621 911 1710 Congr.
934 1621 1054 1706 Cone,
1080 1621 1263 1705 an.1697‚
1290 1625 1450 1712 quaedam

319 1735 480 1826 specialia
498 1760 559 1825 pro
578 1736 661 1825 ipsis
680 1742 808 1801 statuta
829 1743 926 1816 sunt,
947 1743 986 1801 ut
1006 1737 1158 1824 sequitur
1181 1757 1188 1802 :

364 1855 394 1918 l.
422 1879 438 1912 a
475 1851 631 1916 Debeant
659 1850 803 1916 ulterius
835 1851 1022 1937 Regulares
1052 1851 1220 1938 praedicti,
1258 1875 1378 1918 omnes
1414 1862 1450 1918 et

318 1987 549 2056 quascumque
578 1963 812 2051 eleemosynas
842 1971 915 2029 tum
941 1964 1150 2030 manualium
1175 1972 1249 2030 tum
1268 1975 1450 2054 perpetua·

317 2103 393 2145 rum
413 2086 447 2144 et
466 2079 705 2167 temporalium
725 2078 907 2145 missarum
927 2101 1088 2167 reponere
1113 2079 1148 2144 in
1172 2103 1272 2168 capsa
1297 2082 1449 2168 particu-

319 2192 381 2257 lari
408 2190 471 2256 sub
497 2191 628 2257 duabus
652 2191 821 2274 clavibus,
843 2215 986 2280 quarum
1009 2215 1076 2258 uua
1101 2215 1205 2280 penes
1229 2193 1450 2282 Superiorem

318 2303 479 2386 localem,
502 2302 608 2369 altera
631 2327 712 2369 vero
736 2328 840 2393 penes
871 2305 975 2372 alium
1003 2329 1022 2370 a
1053 2307 1203 2396 capitulo
1228 2309 1450 2374 conventuali

318 2418 550 2506 deputandum
569 2418 771 2500 retineatur,
792 2443 831 2485 ac
851 2421 892 2485 de
916 2420 1037 2486 iisdem
1056 2421 1283 2509 eleemosynis
1306 2429 1342 2487 et
1361 2423 1450 2489 cele-

318 2531 472 2598 bratione
492 2531 689 2614 missarum,
711 2557 824 2598 coram
848 2534 1000 2623 patribus
1024 2535 1181 2601 discretis
1204 2558 1266 2601 seu
1290 2538 1449 2606 consilia-

318 2646 378 2712 riis
404 2647 460 2711 vel
486 2645 552 2712 alio
582 2646 685 2712 simili
718 2647 819 2712 modo
847 2649 1064 2736 nuncupatis,
1096 2650 1241 2738 singulis
1272 2652 1449 2718 mensibus

318 2761 507 2827 districtam
526 2761 692 2826 rationem
712 2761 847 2849 exigere
862 2769 896 2828 et
915 2764 1102 2851 respective
1118 2765 1257 2831 reddere
1270 2767 1291 2832 ³.
1318 2793 1334 2826 »

362 2876 395 2940 2.
422 2875 626 2962 Regulares,
654 2875 696 2940 ad
715 2898 801 2963 quos
824 2877 972 2964 pertinet
991 2901 1069 2942 cura
1088 2877 1240 2960 tabellae,
1262 2879 1446 2964 librorum,

319 3011 440 3078 capsae,
463 2990 520 3076 qui
540 3011 636 3054 suam
656 3011 792 3076 operam
806 2989 859 3054 his
874 2991 1013 3056 minime
1026 2993 1238 3074 navaverint,
1255 2995 1311 3060 vel
1330 3019 1449 3062 eorum

320 3101 526 3191 superiores,
548 3125 616 3166 non
635 3102 853 3190 invigilantes
872 3111 1016 3170 autnon
1041 3105 1217 3194 exigentes
1240 3108 1450 3178 reddendam

320 3216 503 3296 rationem,
530 3215 725 3303 plectuntur
751 3217 825 3305 ipso
855 3217 945 3284 facto
971 3219 1163 3306 privatione
1188 3223 1283 3288 vocis
1309 3225 1448 3306 activae,

321 3327 482 3416 passivae,
504 3335 537 3392 et
558 3329 745 3395 officiorum
766 3355 843 3396 cum
863 3331 1078 3399 inhabilitate
1088 3336 1110 3400 ⁴.

367 3441 398 3507 3.
429 3439 624 3529 Superiores
653 3442 778 3508 locales
804 3467 920 3511 curare
948 3445 1072 3512 debent
1097 3455 1135 3512 ut
1166 3449 1305 3537 praefata
1335 3454 1451 3517 omnia

322 3557 453 3621 decreta
479 3554 584 3620 bisin
608 3579 696 3621 anno
720 3557 755 3621 in
774 3557 910 3644 publica
930 3582 1047 3625 mensa
1066 3559 1239 3648 legantur,
1266 3563 1330 3630 sub
1350 3589 1452 3654 poene

323 3669 537 3758 privationis,
552 3669 626 3758 ipso
639 3670 744 3753 facto,
757 3671 851 3737 vocis
863 3673 995 3756 activae,
1009 3675 1165 3763 passivae,
1181 3683 1215 3742 et
1227 3675 1418 3746 officiorum
1427 3683 1450 3746 ⁵.

369 3784 400 3850 l.
424 3785 534 3867 Sicut,
560 3808 621 3873 pro
648 3785 882 3868 sacularibus,
905 3786 1075 3854 Ordinarii
1094 3797 1146 3856 est
1171 3791 1350 3878 invigilare
1375 3818 1453 3860 exe-

357 3969 365 4002 ¹
384 3971 465 4034 Apud
480 3970 580 4020 Boned.
597 3971 669 4030 xlv,
687 3969 762 4025 inin„
780 3987 805 4019 n.
820 3979 842 4020 2.

356 4051 367 4086 ¹
383 4050 453 4100 ibid.

356 4127 367 4165 ³
383 4129 508 4188 Decreta,
523 4134 592 4189 1697,
609 4133 677 4189 §tm
695 4129 766 4179 Butl.
783 4131 866 4188 liora,
884 4135 903 4180 t.
916 4147 954 4190 rx,
969 4147 994 4194 p.
1013 4137 1063 4180 too.

278 4245 283 4254 .
354 4209 365 4242 ⁴
383 4208 462 4266 Ibin,
479 4213 544 4268 521.

355 4289 366 4324 ⁸
383 4287 463 4346 Into„
477 4293 489 4348 ,t
504 4295 546 4348 22,
563 4305 589 4352 p.
603 4293 657 4338 tto.
