3180 5024
284 511 328 562 DE
347 509 615 564 Talnsmsstoun
633 512 675 562 ΕΤ
693 512 918 566 COLLECTIONE
937 515 1231 567 ELEEMOSYNARUM
1272 515 1321 568 las

193 647 292 730 stito,
314 647 453 735 aliquod
471 647 664 737 praemium,
686 671 720 716 v.
742 671 791 736 g.,
814 649 945 738 aliquos
969 649 1074 714 libros
1094 657 1153 716 aut
1172 673 1318 734 merces;

193 785 313 828 verum
332 761 428 850 parvi
448 761 550 828 refert
573 770 689 828 utrum
713 763 841 852 aliquid
869 764 1050 853 accipiant,
1076 785 1200 846 necne;
1223 789 1319 848 nam,

193 877 228 941 in
261 876 384 964 quovis
417 899 515 958 casu,
551 876 613 941 hoc
647 899 755 964 genus
786 877 1032 965 cooperationis
1064 877 1262 966 prohibetur
1286 881 1320 944 vi

192 991 370 1079 utriusque
389 989 533 1072 decreti,
555 991 598 1056 ad
617 992 648 1056 l.

237 1105 271 1168 2⁰
290 1105 408 1170 Altero
440 1105 514 1169 loco
545 1106 764 1170 nominantur
794 1107 986 1171 sacerdotes
1018 1107 1076 1195 qui
1108 1107 1320 1196 apraedictis

191 1217 387 1308 bibliopolis
406 1227 464 1284 aut
484 1219 727 1285 mercatoribus
742 1221 863 1285 missas
884 1219 1101 1285 celebrandas
1117 1221 1318 1308 suscipiunt,

192 1333 270 1415 sed,
291 1334 366 1399 loco
385 1334 563 1422 stipendii,
585 1333 691 1399 libros
714 1335 841 1400 aliasve
866 1357 995 1400 merces
1018 1334 1202 1421 recipiunt;
1225 1335 1320 1422 parvi

192 1446 311 1528 refert,
333 1456 448 1514 utrum
478 1449 685 1536 stipendium
717 1449 889 1534 inteprum
917 1450 1056 1538 (nempe
1080 1471 1210 1514 merces
1235 1450 1320 1514 inte-

189 1585 254 1648 pro
286 1564 452 1650 stipendio
484 1563 736 1652 respondentes)
766 1564 947 1652 recipiant,
979 1587 1040 1630 nec
1073 1585 1132 1644 ne;
1162 1586 1257 1646 nam,
1284 1563 1320 1627 in

190 1671 334 1764 utroque
350 1701 443 1760 casu,
457 1677 520 1742 hoc
540 1701 648 1766 genus
668 1678 913 1766 cooperationis
937 1677 1134 1766 prohibetur
1152 1678 1187 1742 vi
1207 1677 1320 1742 decre-

192 1798 321 1873 torum,
344 1791 386 1856 ad
405 1793 438 1858 5.

237 2020 332 2089 105.
349 2059 393 2070 —
407 2021 542 2089 Poenae
563 2027 703 2088 contra
717 2019 1008 2108 delinquentes.
1019 2057 1061 2068 -
1077 2019 1242 2085 Praedicta
1262 2018 1318 2082 de-

189 2145 295 2218 creta,
312 2141 351 2200 ut
371 2135 499 2200 dictum
516 2142 580 2217 est,
595 2141 786 2200 memorant
800 2135 962 2199 delictum
972 2134 1178 2220 principale,
1196 2155 1317 2220 nempe

190 2251 302 2336 ipsum
318 2255 416 2336 turpe
431 2247 701 2331 mercimonium,
720 2255 754 2314 et
769 2249 930 2313 delictum
945 2249 1177 2331 accessorium,
1195 2269 1317 2334 nempe

188 2363 478 2450 cooperationem,
505 2386 580 2452 quae
605 2362 727 2428 iterum
751 2362 899 2450 duplicis
927 2363 1061 2450 generis
1081 2355 1314 2449 distinguitur.

190 2477 295 2542 Porro
327 2479 499 2543 decretum
528 2499 583 2542 an.
612 2477 697 2544 l8'll
723 2478 835 2544 nullas
864 2478 899 2543 in
923 2479 1034 2565 specie
1061 2477 1171 2542 sancit
1199 2499 1317 2563 poenas

187 2597 305 2656 contra
336 2592 401 2657 tria
434 2592 505 2656 haec
537 2591 676 2674 delicta,
708 2592 768 2657 sed
796 2599 930 2658 tantum
958 2599 1056 2658 cavet
1089 2593 1159 2655 haec
1194 2590 1316 2657 delicta

186 2707 334 2772 coerceri
353 2730 464 2793 posse,
487 2707 516 2772 si
535 2730 621 2793 opus
641 2707 700 2787 sit,
722 2705 764 2771 ab
785 2707 973 2794 Episcopis
995 2745 1038 2756 —
1057 2706 1184 2770 Verum
1203 2704 1317 2769 decre-

186 2827 260 2886 tum
290 2843 345 2886 an.
377 2819 462 2888 1893
491 2821 710 2908 prohibitioni
739 2843 857 2908 poenas
890 2821 984 2886 addit
1017 2819 1128 2909 (nulla
1157 2825 1315 2884 catarum

187 2935 405 3000 distinctione
437 2935 587 3001 adhibita
616 2937 704 3001 inter
734 2936 895 3001 delictum
922 2934 1111 3022 principale
1135 2942 1169 2998 et
1192 2932 1315 2998 delicta

185 3050 386 3138 accessoria)
408 3050 470 3114 hoc
490 3049 614 3117 modo:
1307 3035 1311 3040 ’

233 3167 265 3227 1ο
284 3162 319 3228 Si
339 3163 541 3251 delinquens
561 3164 606 3229 sit
623 3166 795 3248 sacerdos,
817 3164 959 3229 incurrit
977 3163 1050 3250 ipso
1071 3163 1159 3227 lacto
1178 3184 1314 3249 poenam

183 3279 411 3362 suspensionis
444 3301 463 3342 a
497 3279 635 3364 divinis,
671 3278 706 3345 S.
747 3277 826 3343 Sedi
863 3286 1054 3344 reservatae.
1094 3317 1137 3328 —
1171 3275 1314 3343 Constat

184 3393 321 3459 decreto
359 3393 541 3479 Vipilanti,
568 3397 584 3477 ξ
610 3393 772 3460 Praesenti
802 3395 926 3480 itaque.
959 3433 1003 3444 -
1030 3392 1096 3461 Ubi
1124 3393 1312 3459 notandum

185 3508 272 3572 hane
303 3508 561 3595 suspensionem
595 3530 663 3573 non
701 3532 775 3574 esse
807 3510 943 3595 speciali
976 3511 1073 3574 modo
1106 3513 1312 3572 reservatam

183 3621 219 3687 S.
242 3620 336 3704 Sedi‚
359 3629 393 3687 et
411 3621 570 3709 proinde,
592 3622 626 3687 in
652 3622 785 3689 casibus
810 3624 969 3704 occultis,
991 3621 1121 3688 absolvi
1145 3643 1245 3706 posse
1270 3620 1313 3685 ah

185 3735 372 3824 Episcopis.

227 3850 262 3913 2ο
282 3849 317 3915 Si
333 3849 535 3938 delinquens
561 3852 606 3916 sit
629 3852 769 3917 clericus
801 3853 952 3916 nondum
979 3850 1149 3934 sacerdos,
1169 3849 1312 3915 incurrit

182 3963 353 4052 duplicem
378 3986 540 4052 poenam:
563 3991 666 4032 unam
693 3967 919 4053 suspensionis
943 3967 986 4031 ab
1005 3966 1183 4031 ordinibus
1202 3987 1310 4030 susce-

178 4079 265 4164 ptis,
288 4079 362 4167 ipso
388 4080 475 4146 iacto
495 4082 704 4148 incurrendae
724 4089 759 4148 ct
778 4081 812 4148 S.
835 4081 914 4147 Sedi
938 4088 1133 4161 reservatae;
1161 4119 1203 4130 —
1225 4079 1310 4146 alte-

182 4215 271 4274 ram,
294 4195 537 4282 inhabilitatis,
559 4196 601 4262 ad
626 4197 816 4284 superiores
840 4195 975 4261 ordines
999 4195 1244 4283 suscipiendos.
1266 4237 1309 4248 -

182 4306 327 4374 Constat
346 4310 418 4376 eod.
443 4320 548 4377 tectu.
