3224 5044
316 511 364 566 180
798 509 841 560 DE
860 507 959 560 iussn

313 657 490 737 debemus;
522 695 566 704 -
594 663 669 721 tum
697 653 776 743 quia
809 653 956 741 ipsamet
989 643 1167 741 acquisitio
1200 673 1261 717 seu
1294 654 1444 718 retentio

312 771 417 860 partis
436 767 606 859 prohibita
630 775 698 848 est;
721 789 802 856 ergo
821 790 920 848 usus,
942 766 1002 854 qui
1020 772 1073 832 est
1092 765 1261 854 posterior
1281 773 1316 831 et
1334 766 1440 848 liber,

312 884 461 950 indolem
493 883 595 972 hujus
627 881 863 971 acquisitionis
901 887 1033 946 mutare
1064 880 1194 968 nequit.
1227 919 1272 930 -
1305 879 1406 947 Unde
1433 901 1441 948 ε

315 1002 344 1064 1.
367 998 402 1065 S.
421 997 649 1084 Congregatio
665 996 784 1076 Cone,
803 996 938 1061 decreto
953 994 996 1060 25
1006 993 1084 1081 julii
1101 993 1199 1075 1871,
1217 994 1339 1059 adhoc
1351 1018 1442 1084 qua*-

313 1114 416 1180 situm
443 1131 451 1179 t
482 1140 497 1172 a
527 1113 559 1178 ’1.
589 1112 645 1177 An
672 1110 773 1176 liccat
797 1109 990 1200 Episcopis,
1019 1107 1092 1173 sine
1114 1107 1253 1198 speciali
1278 1107 1315 1174 S.
1343 1108 1443 1174 Sedis

215 1215 219 1219 ¹
312 1228 423 1311 venia,
441 1249 483 1293 ex
497 1224 722 1312 eleemosynis
742 1223 941 1305 missarum,
966 1245 1051 1311 quas
1066 1221 1184 1288 fideles
1199 1221 1442 1289 celebrioribus

313 1341 514 1408 sanctuariis
547 1339 680 1406 tradere
709 1337 836 1419 solent,
866 1337 999 1424 aliquid
1029 1336 1218 1420 detrahere,
1258 1344 1442 1402 uteorum

312 1456 424 1522 decori
451 1463 483 1520 et
522 1461 720 1518 ornamento
757 1451 972 1535 consulatur,
1001 1449 1137 1538 quando
1174 1451 1364 1538 praesertim
1403 1473 1442 1518 ea

310 1568 456 1657 propriis
470 1565 636 1634 reditibus
655 1573 806 1647 carcant;
833 1593 849 1627 »
869 1565 1070 1654 respondit:
1093 1591 1109 1626 ι(
1132 1563 1189 1629 Ad
1207 1565 1240 1631 l.
1261 1565 1440 1650 Negatice,

312 1683 376 1748 nisi
388 1683 428 1746 de
440 1703 599 1756 comensu
613 1679 808 1745 oblatorum
821 1683 842 1746 ¹.
863 1706 878 1740 n
894 1719 938 1729 —
950 1678 983 1744 2.
997 1679 1099 1744 Anno
1113 1678 1281 1767 sequenti,
1296 1677 1340 1743 21
1353 1679 1442 1767 apri-

311 1797 353 1865 lis
374 1795 472 1879 1875,
495 1795 613 1861 eadem
633 1795 859 1882 congregatio
875 1793 1045 1860 concessit
1064 1791 1203 1881 quidem
1217 1791 1352 1858 duobus
1371 1793 1442 1882 epi-

311 1911 423 2000 scopis
457 1916 491 1976 et
523 1909 624 1976 alicui
666 1908 831 1996 superiori
871 1906 1019 1994 regulari
1054 1904 1254 1972 facultatem
1289 1905 1441 1996 aliquam

310 2032 441 2114 partem
461 2047 504 2089 ex
522 2022 750 2110 eleemosynis
769 2022 951 2088 missarum
966 2018 1183 2102 detrahendi,
1205 2020 1241 2084 in
1260 2021 1336 2110 pios
1355 2044 1441 2088 usus

309 2137 506 2226 designatos
525 2136 805 2227 impendendam,
823 2137 883 2202 sed
903 2135 944 2203 de
964 2135 1063 2203 venia
1082 2136 1182 2202 Rom.
1206 2117 1383 2202 Pontificis
1404 2145 1441 2202 et

309 2249 409 2316 m'odo
441 2257 645 2315 moneantur
672 2249 790 2316 fideles
813 2252 854 2316 de
882 2273 943 2316 usu
970 2251 1158 2316 excedentis
1179 2251 1440 2336 eleemosynce¹5

308 2402 351 2414 —
367 2365 398 2430 3.
416 2363 545 2430 Eadem
559 2363 700 2451 Congr.,
713 2363 768 2429 die
790 2363 829 2429 19
845 2364 993 2452 januarii
1014 2363 1112 2444 1869,
1127 2364 1201 2452 jam
1215 2363 1439 2452 responderat

307 2478 493 2566 parochum
513 2500 582 2543 non
601 2501 718 2564 posse,
741 2501 783 2542 ex
803 2477 1029 2566 eleemosynis
1049 2477 1231 2543 missarum
1251 2500 1336 2566 quas
1359 2477 1438 2544 aliis

309 2590 412 2657 tradit
431 2590 662 2674 celebrandas,
680 2591 826 2658 retinere
845 2591 1034 2680 quamlibet
1053 2599 1188 2680 partem
1205 2593 1241 2658 in
1259 2591 1388 2657 bonum
1404 2601 1438 2657 et

310 2706 491 2772 utilitatem
506 2706 658 2790 ecclesie,
679 2708 738 2793 cuj
742 2729 780 2772 us
795 2714 907 2771 rector
925 2715 973 2771 est
985 2706 1006 2771 ³.

352 2921 420 2991 95.
445 2959 489 2970 -
512 2918 740 3008 applicatio
762 2919 910 3008 regule
935 2920 1148 3007 generalis.
1174 2957 1217 2970 —
1249 2921 1436 3009 Agendum

306 3043 380 3104 tum
404 3035 445 3100 de
465 3032 579 3099 missis
595 3033 827 3118 manualibus,
843 3041 917 3098 tum
932 3033 973 3100 de
989 3033 1103 3099 missis
1120 3033 1300 3117 beneficio,
1320 3037 1436 3124 capel-

306 3147 422 3227 laniae,
436 3145 641 3229 fundationi,
664 3155 744 3228 etc.,
766 3147 920 3212 annexis.

327 3263 384 3324 ,1ο
409 3259 458 3323 De
485 3261 595 3326 missis
621 3261 849 3326 manualibus.
871 3299 916 3310 -
943 3261 1083 3342 Quoties
1109 3263 1222 3349 agitur
1248 3263 1290 3328 de
1318 3263 1435 3330 missis

305 3371 534 3456 manualibus,
554 3382 655 3462 urget
673 3373 871 3463 praedictum
893 3374 1067 3441 decretum
1087 3376 1119 3458 l,
1141 3398 1196 3442 an.
1221 3375 1319 3458 1625,
1341 3378 1434 3465 quod

304 3486 520 3578 potissimum
543 3488 698 3576 respicit,
725 3495 764 3556 ut
788 3511 831 3554 ex
857 3489 931 3578 ejus
955 3496 1073 3555 tenore
1092 3496 1202 3577 patet,
1220 3490 1343 3556 missas
1362 3513 1435 3556 ma-

303 3602 434 3668 nuales
450 3603 614 3668 Attamen
629 3603 748 3689 regula
762 3603 932 3691 generalis
951 3610 1020 3669 tres
1039 3603 1168 3692 patitur
1185 3605 1405 3692 exceptiones
1423 3625 1431 3672 :

347 3715 390 3781 A.
413 3714 451 3781 Si
469 3716 623 3782 sacerdos
641 3715 876 3782 celebraturus
889 3724 1069 3804 spontanee
1084 3718 1249 3783 condonet
1259 3739 1433 3784 accessum

300 3831 470 3924 stipendii.
493 3869 538 3880 -
556 3829 739 3896 Manifesta
758 3838 811 3896 est
830 3831 916 3896 ratio
936 3831 1038 3920 hujus
1052 3831 1277 3921 exceptionis;
1296 3831 1434 3899 decreta

334 4009 341 4044 ¹
358 4009 426 4059 Acta
440 4009 465 4058 S.
481 4007 571 4068 Sedis,
586 4012 606 4058 t.
622 4023 682 4069 vnr,
699 4025 725 4072 p.
742 4013 868 4058 lot-109.
884 4010 1007 4069 -Quod
1019 4011 1158 4060 decretum
1173 4013 1334 4060 renovatum
1347 4013 1389 4062 est
1405 4016 1433 4062 et

300 4088 488 4138 confirmatum
512 4089 539 4137 in
563 4089 684 4153 ejusdem
709 4089 736 4138 S.
761 4089 790 4140 C.
815 4090 927 4140 decreto
952 4089 1092 4156 vigilanti,
1117 4095 1146 4140 25
1175 4091 1238 4140 maii
1263 4095 1336 4152 1893;
1362 4091 1432 4141 Acta

298 4167 324 4216 S.
339 4168 429 4228 Sedis,
446 4171 465 4220 t.
479 4185 556 4230 xxvi,
572 4185 599 4233 p.
615 4174 658 4230 57;
675 4169 766 4219 velud
782 4170 883 4220 calcem
898 4171 979 4236 hujus
994 4171 1154 4230 voluminis,
1171 4169 1364 4221 documentum
1381 4171 1430 4222 W.

332 4248 425 4297 ’Λεία
439 4249 465 4297 S.
481 4247 570 4308 Sedis,
587 4252 607 4298 t.
623 4265 683 4309 vni,
700 4265 726 4314 p.
743 4255 798 4299 659,

247 4333 253 4342 ·
331 4327 342 4362 ³
359 4325 440 4386 Ibid,
457 4331 476 4376 t.
493 4343 528 4384 ιν,
542 4343 569 4392 p.
585 4333 711 4378 oei-5³8.
