3224 5044
299 501 348 556 106
789 501 832 552 DE
851 501 950 553 MISSA

296 650 337 716 de
368 648 537 734 requiem,
570 645 655 734 petit
679 645 799 726 ritum;
830 645 860 710 si
880 668 960 710 vero
991 651 1085 734 petat
1111 650 1248 710 tantum
1280 643 1424 708 missam

291 785 358 848 pro
378 762 554 848 defuncto,
576 783 645 825 non
662 760 749 849 petit
769 759 836 825 nisi
860 759 1135 846 applicationem,
1158 759 1201 823 ob
1222 779 1324 824 usum
1343 757 1424 823 uni-

295 873 462 940 versalem
482 874 640 939 Ecclesiae
660 873 851 962 applicandi
869 873 1009 939 missam
1028 897 1089 963 pro
1108 872 1295 955 defunctis,
1318 871 1425 938 etiam

295 989 329 1054 in
349 988 463 1054 missis
487 1011 553 1054 non
578 990 686 1074 niprie
699 1011 711 1055 .·
736 988 791 1054 cui
812 989 890 1054 usui
913 1011 950 1054 se
969 988 1179 1054 conformare
1202 987 1424 1076 praesumitur

295 1102 456 1184 offerens3
479 1141 523 1153 -
549 1104 583 1168 b.
613 1103 669 1169 Sic
694 1109 809 1191 aperte
835 1102 1021 1168 declaravit
1049 1101 1082 1168 S.
1109 1101 1235 1189 Congr.
1267 1101 1422 1189 Indulg,

297 1220 334 1282 11
368 1240 439 1306 apr.
474 1215 589 1284 1840:
621 1243 636 1278 «
667 1216 789 1283 Utrum
818 1217 975 1283 sacerdos
1003 1215 1189 1282 satisfaciat
1219 1215 1424 1304 obligationi

295 1329 487 1397 celebrandi
505 1331 644 1396 missam
658 1325 733 1417 pro¹
744 1331 917 1416 defuncto,
939 1331 1104 1396 servando
1123 1330 1228 1396 ritum
1246 1329 1350 1412 serice,
1366 1329 1425 1394 vel

295 1445 536 1534 cujuscumque
571 1444 695 1527 sancti,
735 1444 838 1509 etiarn
875 1445 904 1510 si
936 1468 1005 1510 non
1036 1445 1080 1510 sit
1115 1443 1329 1533 semiduplex
1363 1449 1425 1508 aut

295 1557 441 1645 duplex?
461 1595 504 1608 -
529 1557 791 1644 Affirmutivc¹,·
822 1587 837 1619 »
856 1597 900 1608 -
919 1582 948 1624 c.
977 1557 1032 1624 Sic
1056 1559 1121 1624 iert
1145 1557 1423 1624 communissima

294 1671 470 1736 doctorum
489 1673 674 1753 sententia,
696 1679 784 1738 teste
803 1673 839 1739 S.
858 1673 1036 1760 Alphonso
1049 1675 1075 1754 ¹3
1099 1711 1142 1722 —
1156 1673 1191 1738 d.
1214 1671 1286 1738 Nec
1306 1670 1423 1736 obstat

293 1785 419 1851 decisio
441 1786 478 1854 S.
501 1785 626 1874 Congr.
647 1787 718 1853 Rit.
740 1787 775 1851 in
801 1786 953 1874 Aquen,
976 1788 995 1854 3
1023 1787 1136 1853 martii
1161 1785 1264 1869 1761,
1286 1786 1330 1852 ad
1349 1787 1421 1852 7³:

295 1899 462 1967 «Diebus
487 1901 612 1991 quibus
639 1901 708 1967 dici
731 1909 877 1991 possunt
900 1901 1015 1967 misse
1042 1901 1169 1968 votivae
1196 1901 1341 1988 privatae
1362 1901 1422 1966 vel

294 2015 546 2100 defunctorum,
568 2015 724 2082 sacerdos
744 2017 787 2081 ad
805 2017 882 2082 illas
901 2016 1073 2106 obligatus
1092 2016 1223 2081 ratione
1246 2015 1421 2080 fundatio-

295 2129 348 2194 nis
366 2130 421 2194 vel
440 2131 569 2219 accepti
588 2131 754 2196 manualis
773 2131 949 2219 stipendii,
967 2131 1111 2220 propriae
1130 2129 1332 2218 obligationi
1351 2151 1422 2193 non

295 2241 473 2324 satisfacit,
504 2244 646 2309 dicendo
677 2245 817 2310 missam
845 2246 887 2310 de
925 2245 980 2311 die
1014 2253 1233 2324 occurrente3
1264 2265 1422 2329 expressa

296 2354 387 2421 enim
406 2357 561 2423 voluntas
581 2366 781 2424 testatorum
806 2360 858 2424 vel
876 2359 1143 2446 postulantium,
1165 2356 1351 2423 dummodo
1375 2357 1423 2422 sit

295 2469 523 2553 rationabiliS,
545 2473 642 2537 debet
660 2474 841 2560 adimpleri
849 2491 865 2558 ,·
888 2501 904 2535 »
928 2496 996 2538 non
1020 2472 1150 2554 obstat,
1173 2473 1331 2560 inquam,
1349 2473 1423 2539 haec

295 2583 436 2666 decisio,
470 2587 549 2674 quia
583 2587 761 2653 manifeste
790 2588 952 2676 supponit
981 2609 1174 2674 expressam
1210 2587 1422 2652 voluntatem

295 2698 524 2784 offerentium,
551 2701 592 2767 dc
616 2700 816 2799 celebranda
836 2702 955 2786 missa,
978 2725 1047 2767 non
1066 2708 1199 2767 tantum
1217 2725 1278 2790 pro
1299 2699 1421 2768 defun-

295 2819 365 2896 cto,
388 2814 449 2879 sed
467 2815 508 2878 de
528 2816 691 2902 requiem.
844 2805 849 2815 ¹

339 2928 373 2992 2ο
398 2927 434 2994 Si
464 2930 608 2995 offerens
635 2937 745 3018 petat,
778 2929 955 2994 voluntate
986 2953 1162 3018 expressa,
1195 2929 1337 2995 missam
1380 2931 1422 2994 de

295 3043 461 3129 requiem,
491 3045 663 3126 sacerdos,
697 3043 725 3108 si
744 3044 989 3132 acceptaverit,
1016 3051 1168 3128 tenetur,
1192 3067 1262 3109 non
1284 3050 1421 3109 tantmn

295 3155 463 3245 applicare
491 3181 552 3246 pro
580 3158 755 3241 defuncto,
787 3158 848 3222 sed
876 3159 980 3224 etiam
1008 3157 1177 3225 celebrare
1210 3159 1351 3224 missam
1379 3159 1421 3223 de

295 3271 464 3355 requiem,
490 3272 610 3336 saitem
628 3273 657 3337 ei
675 3295 741 3358 per
760 3273 915 3338 rubricae
939 3274 1046 3339 liceat.
1068 3313 1113 3322 —-
1132 3272 1278 3339 Constat
1293 3295 1419 3362 propo-

294 3382 388 3464 sitio,
424 3389 498 3448 tum
535 3408 577 3451 ex
616 3385 782 3475 principio
819 3387 986 3474 generali,
1026 3388 1117 3477 quod
1152 3387 1320 3454 servanda
1355 3387 1418 3469 sit,

295 3497 430 3586 quando
463 3499 587 3587 possit,
621 3501 780 3567 voluntas
811 3523 970 3589 expressa
1003 3503 1233 3584 offerentium,
1269 3541 1312 3554 -
1345 3507 1419 3567 tum

294 3635 397 3701 supra
416 3613 473 3680 cit.
502 3613 725 3682 decisiones.
747 3615 817 3682 Rit.
840 3615 966 3704 Congr.
989 3617 1023 3681 in
1043 3617 1210 3703 Aquensi,
1236 3638 1291 3684 an.
1316 3616 1415 3683 1761.

295 3767 338 3776 -
359 3728 396 3794 Si
415 3729 571 3794 sacerdos
590 3752 659 3794 non
682 3729 904 3796 celebraverit
926 3731 1066 3796 missam
1089 3732 1129 3796 de
1154 3731 1322 3818 requiem,
1349 3753 1418 3796 non

294 3849 428 3908 tenetur
454 3843 632 3910 restituere
658 3843 865 3932 stipendium
891 3851 1083 3936 acceptum,
1110 3845 1171 3912 sed
1197 3851 1316 3933 postea
1337 3867 1418 3935 sup-

326 4151 334 4186 ¹
349 4152 464 4202 Decreta
478 4151 634 4202 authentica
650 4151 677 4202 S.
693 4153 721 4202 C.
738 4151 806 4214 Ino..
822 4169 848 4202 n.
865 4158 923 4212 181,
939 4155 981 4204 ed.
998 4159 1071 4214 11183,
1087 4169 1114 4217 p.
1128 4158 1183 4204 118.

325 4231 410 4284 ²Lib.
427 4232 475 4294 vl,
491 4248 518 4282 n.
533 4231 587 4284 tm.

325 4313 336 4348 ⁸
351 4311 464 4364 Decreta
476 4313 644 4373 authentica,
661 4331 687 4364 n.
703 4319 776 4374 1161,
793 4317 812 4364 1.
830 4331 860 4374 n,
874 4331 900 4378 p.
917 4319 970 4366 121.
