3174 5046
424 515 467 566 DE
486 514 643 567 TEMPORE
662 513 924 566 cuteunarloms
943 513 1050 566 Missas
1266 513 1298 564 23

214 659 246 718 -l⁰
262 659 343 732 lmo,
365 657 494 737 singulis
515 657 641 732 diebus,
662 663 774 739 quarto
795 657 909 718 saeculo
925 665 1073 732 exeunte,
1091 659 1198 718 saltem
1219 657 1299 717 mul-

175 765 213 824 tis
234 764 267 824 in
291 764 383 838 locis,
410 763 535 842 liturgia
559 763 714 824 celebrata
739 764 808 823 luit.
833 763 883 822 Sic
907 781 913 823 :
941 769 967 824 1.
993 764 1027 822 lu
1061 761 1235 845 Hispania,
1265 771 1299 823 ut

173 877 297 930 constat
318 869 451 929 concilio
472 869 625 930 Toletano
645 869 658 928 l
678 871 745 946 (an.
769 871 857 944 398),
879 890 947 929 can.
971 869 1015 928 5:
1042 894 1055 924 «
1081 869 1296 950 Presbyter...,

174 975 198 1034 si
219 975 298 1034 intra
319 973 477 1034 civitatem
498 975 606 1048 luerit,
673 973 761 1034 etad
780 974 942 1034 ecelesiam
957 973 1000 1035 ad
1013 973 1208 1056 sacrificium
1223 995 1299 1057 quo-

175 1079 331 1140 tidianum
350 1100 413 1138 non
434 1080 569 1153 venerit,
590 1080 721 1140 clericus
740 1101 803 1140 non
818 1079 985 1154 habeatur,
1004 1087 1063 1141 etc.
1081 1081 1107 1154 ¹3
1126 1107 1140 1136 >r
1156 1117 1195 1126 -
1216 1083 1244 1140 2.
1263 1081 1297 1139 ln

173 1184 301 1265 Africa,
326 1191 405 1244 teste
428 1185 619 1264 Augustino,
633 1187 702 1266 qni,
719 1186 752 1244 in
762 1183 880 1266 Epist,
897 1207 1001 1260 xcvrn,
1018 1185 1071 1245 Ad
1081 1184 1295 1267 Bonisacium,

174 1312 203 1350 n.
220 1293 255 1365 9,
277 1293 320 1352 ait
340 1311 346 1350 :
370 1319 384 1348 «
407 1292 519 1350 Nonne
540 1291 634 1350 semel
654 1291 833 1350 immolatus
848 1299 895 1351 est
917 1291 1060 1351 Christus
1080 1291 1112 1350 in
1132 1291 1250 1372 seipso,
1268 1299 1299 1352 et

173 1402 292 1470 tamen,
314 1397 345 1455 in
366 1403 577 1470 sacramento,
600 1417 662 1456 non
683 1395 783 1455 solum
804 1417 859 1476 per
877 1417 985 1456 omnes
1007 1395 1133 1456 Paschae
1153 1395 1299 1456 solemni·

174 1509 263 1576 tates,
276 1501 329 1562 sed
344 1501 433 1562 omni
445 1500 497 1562 die
507 1500 637 1583 populis
650 1499 854 1562 immolatur²
865 1502 881 1560 ἶ)
897 1527 910 1556 1>
922 1537 959 1544 -
971 1503 1000 1562 3.
1012 1500 1296 1583 Constantinopoli,

173 1627 210 1665 ex
224 1607 403 1667 testimonio
417 1608 448 1666 S.
461 1607 593 1666 loannis
608 1605 839 1686 Chrysostomi,
855 1607 924 1687 qui,
941 1605 1075 1683 Homil,
1093 1627 1135 1680 111,
1152 1605 1189 1666 In
1205 1606 1296 1689 epist.

172 1711 214 1770 ad
226 1711 324 1793 pr,
342 1734 372 1772 n.
391 1712 424 1785 l,
442 1711 506 1772 ait:
525 1737 539 1766 a
557 1713 685 1771 Frustra
706 1718 753 1772 est
772 1711 990 1792 quotidianum
1010 1712 1212 1786 sacrificium,
1230 1713 1297 1772 iru-

172 1823 234 1876 stra
250 1817 408 1877 adstamus
424 1815 529 1889 altari,
547 1825 620 1889 eto,
637 1841 651 1872 »
668 1823 699 1876 et
715 1838 746 1876 n.
761 1817 779 1875 5
795 1834 802 1876 ε
821 1843 834 1870 «
852 1817 947 1877 Venit
961 1816 1103 1899 quotidie
1118 1817 1298 1894 (Christus)

173 1929 207 1980 ut
226 1921 331 1982 videat
350 1923 586 1996 accumbentes,
604 1941 711 1980 omnes
731 1921 923 2002 alloquitur:
941 1921 1057 1996 Amici,
1074 1922 1232 2002 quomodo
1248 1922 1298 1981 bic

171 2027 259 2087 statis
276 2048 338 2087 non
354 2027 504 2088 habentes
520 2035 638 2087 vestem
660 2027 831 2107 nuptialem
843 2025 878 2086 ³?
893 2053 908 2082 »
925 2064 963 2070 -—
979 2027 1007 2087 5.
1026 2027 1062 2086 ln
1079 2025 1295 2107 Cappadocia,

171 2138 206 2191 ut
225 2153 400 2213 supponere
419 2132 545 2192 videtur
561 2131 709 2204 Basilius,
726 2133 796 2213 qui,
819 2131 885 2192 loco
905 2131 972 2209 cit,
995 2131 1087 2212 paulo
1109 2139 1181 2192 ante
1203 2131 1297 2192 verba

171 2237 283 2312 relata,
300 2237 441 2297 dixerat:
462 2265 475 2291 «
491 2235 638 2319 Sinpulis
654 2236 749 2297 etiam
765 2235 877 2298 diebus
893 2235 1127 2298 communicare
1145 2259 1182 2297 ac
1192 2237 1298 2320 parti-

169 2341 272 2423 cipem
292 2363 357 2402 aeae
377 2341 482 2403 sancti
498 2341 641 2423 corporis
662 2349 691 2402 et
713 2341 880 2425 saripuinis
901 2341 1036 2421 Christi,
1059 2343 1176 2403 bonum
1199 2350 1246 2403 est
1267 2351 1298 2403 et

170 2447 321 2528 perutile,
341 2474 353 2502 r
370 2485 410 2491 -
425 2448 454 2508 5.
480 2447 598 2508 Forsan
621 2447 714 2507 etiam
730 2447 917 2522 Mediolani,
938 2448 1061 2508 dicente
1084 2448 1250 2510 Ambrosio
1263 2449 1294 2508 ⁴:

171 2581 185 2610 a
203 2553 267 2612 Vos
283 2573 407 2634 quoque
422 2553 507 2634 ipsos
522 2551 598 2612 mihi
614 2552 713 2612 bonos
728 2553 808 2612 filios
824 2553 975 2630 gestiebat
985 2553 1153 2626 (diabolus)
1164 2555 1294 2634 eripere,

164 2678 225 2738 pro
240 2657 358 2740 quibus
373 2679 430 2741 epo
445 2656 588 2740 quotidie
604 2656 746 2718 instauro
761 2657 957 2740 sacrificium
968 2659 990 2718 ⁵.
1010 2685 1024 2714 »

210 2765 242 2822 5⁰
263 2765 425 2837 Attamen,
452 2763 562 2822 eodem
586 2771 741 2844 ternpore,
768 2784 878 2844 nempe
901 2762 1015 2822 saeculo
1038 2784 1077 2835 ιν,
1101 2763 1132 2820 in
1154 2763 1296 2842 pluribus

170 2869 260 2940 loeis,
278 2890 308 2928 v.
325 2891 369 2948 g.,
391 2867 587 2928 Alexandriae
607 2873 661 2940 (ex
681 2867 817 2928 textibus
837 2867 975 2942 relatis),
999 2867 1121 2926 nonnisi
1140 2865 1295 2926 dominica

168 2972 229 3047 die,
242 2981 296 3033 aut
310 2972 432 3033 duabus
446 2973 556 3032 diebus
570 2973 602 3032 in
617 2973 824 3046 hebdomada,
835 2971 958 3050 liturgia
973 2970 1199 3032 celebrabatur.
1217 2971 1294 3031 Item

169 3077 465 3152 Romae,utdictum
475 3077 907 3159 est,celebratioquotidiana
918 3077 1056 3136 nondum
1066 3076 1201 3156 vigebat.
1214 3077 1295 3137 Hine

168 3183 220 3244 illa
236 3184 369 3244 varietas
382 3205 475 3264 quam
493 3191 581 3244 notat
593 3184 803 3263 Augustinus,
820 3181 937 3265 Epist,
957 3203 1012 3258 nv,
1024 3181 1077 3242 Ad
1088 3181 1291 3260 Januarium,

170 3310 199 3348 n.
218 3293 258 3348 2:
278 3313 291 3344 a
309 3290 377 3348 Alia
394 3311 467 3348 vero
483 3311 553 3370 quae
568 3311 623 3370 per
642 3289 709 3349 loca
731 3296 883 3349 terrarum
903 3289 1106 3369 regionesque
1122 3288 1292 3360 variantur,

167 3394 258 3454 sicuti
278 3403 324 3453 est
344 3395 428 3475 quod
453 3395 505 3454 alii
521 3395 667 3476 jejunant
688 3393 832 3468 sabbat0,
853 3394 905 3454 alii
926 3412 1009 3469 non,
1082 3391 1167 3454 alibi
1185 3391 1293 3453 nullos

166 3497 234 3559 dies
244 3499 515 3580 praetermittitur,
533 3521 595 3582 quo
611 3521 673 3560 non
692 3499 855 3580 offeratur,
873 3497 957 3560 alibi
973 3497 1106 3559 sabbato
1127 3505 1293 3558 [autumet

200 3687 206 3719 ¹
224 3685 323 3745 Bruns,
341 3686 476 3744 Concilio,
495 3665 515 3736 l.
532 3703 553 3747 1,
570 3703 595 3750 p.
613 3692 666 3736 904.

197 3767 326 3830 ²M1'gne,
349 3767 378 3815 P.
395 3768 434 3826 L.,
454 3771 473 3816 t.
498 3783 591 3824 xxxin,
613 3768 665 3816 eol.
682 3773 740 3828 3633
759 3794 787 3803 -
802 3768 839 3816 ita
854 3767 934 3815 etiarn
948 3765 1091 3828 Augustini
1105 3764 1200 3822 Serm„
1217 3779 1291 3823 urm,

167 3862 193 3894 n.
210 3851 251 3906 12,
268 3849 288 3895 t.
305 3863 419 3904 xxxvm,
433 3861 496 3909 pars
511 3848 600 3906 l,col.
617 3853 671 3897 999.

198 3926 326 3989 ²Migne,
343 3927 373 3976 P.
391 3929 431 3984 6.,
446 3931 466 3976 t.
483 3943 546 3986 arn,
563 3928 614 3976 eol.
630 3934 668 3976 29.

197 4007 207 4040 ⁴
221 4006 317 4068 Epist,
326 4023 369 4066 xx,
381 4007 424 4056 Ad
435 4007 758 4064 Mareellinamsororem‚
771 4021 796 4055 n.
811 4011 854 4066 15;
866 4006 970 4070 Migne,
984 4005 1013 4054 P.
1026 4005 1064 4064 L.,
1077 4008 1097 4054 t.
1109 4019 1162 4065 xri,
1173 4004 1224 4053 col.
1236 4009 1292 4054 998.

198 4087 209 4120 ⁵
226 4086 286 4135 Non
302 4089 392 4136 tamon
405 4089 517 4150 urgendi
533 4091 597 4138 sunt
612 4089 637 4136 bi
655 4091 758 4146 textus,
775 4091 832 4136 tum
845 4087 921 4150 quia,
937 4089 967 4136 ut
976 4087 1032 4150 jam
1047 4086 1150 4133 dictum
1165 4089 1219 4144 est,
1234 4099 1294 4133 ver-

166 4167 232 4216 bum
242 4165 366 4231 quotidie
377 4169 445 4217 sumi
458 4169 540 4218 debet
554 4169 701 4226 moraliter,
712 4171 769 4217 tum
785 4169 848 4230 quia
863 4168 903 4228 agi
918 4169 1011 4230 potest
1022 4167 1055 4214 de
1066 4165 1154 4214 missis
1166 4165 1291 4229 privatis,

165 4262 227 4310 quae
246 4248 377 4309 paulatim
398 4249 560 4299 introductae
576 4252 652 4298 erant
671 4249 754 4298 etiam
769 4247 935 4306 hisdiebus,
954 4247 1053 4310 quibus
1071 4261 1124 4294 non
1139 4247 1197 4295 erat
1212 4247 1292 4294 misse

163 4325 288 4390 publiea,
302 4343 348 4377 seu
363 4329 486 4393 synaxis.
