3246 5026
235 1149 269 1210 S.
288 1148 554 1232 Conprepationis
570 1148 607 1211 de
623 1149 836 1234 Propaqanda
852 1149 882 1210 F
882 1148 932 1210 ide
946 1149 1115 1214 Decretum
1131 1149 1169 1212 de
1186 1147 1282 1214 misse

374 1245 405 1304 iu
424 1245 499 1306 laeui
511 1244 618 1327 quoad
633 1244 861 1307 missionerios.
882 1251 892 1304 1
913 1246 1014 1306 martii
1033 1248 1110 1306 1902
1122 1247 1144 1307 ¹.

236 1458 283 1516 Ad
313 1457 519 1518 removendos
553 1458 669 1519 abusus
698 1479 777 1540 quos
810 1459 891 1518 circa
924 1457 1026 1518 Missae
1060 1459 1319 1544 celebrationem,

195 1553 328 1614 durante
355 1553 512 1614 inuritimo
537 1555 663 1626 itinere,
694 1575 755 1615 non
782 1554 876 1614 semel
902 1555 1074 1616 occurrisse
1100 1555 1232 1616 relatum
1257 1561 1320 1634 est,

196 1649 258 1710 ΕΕ.
286 1670 321 1709 ac
349 1650 418 1710 ΒΗ.
449 1651 480 1710 S.
510 1649 770 1730 Congregationis
798 1649 1010 1732 Propagandae
1039 1651 1123 1710 Fidei
1152 1651 1260 1714 Patres
1289 1651 1322 1710 in

194 1745 327 1805 comitiis
342 1745 555 1826 generalibus,
572 1747 621 1806 die
637 1746 675 1806 24
691 1745 792 1806 ultimi
808 1746 903 1826 elapsi
924 1746 1039 1807 mensis
1060 1746 1208 1806 februarii
1233 1746 1321 1807 habi-

197 1843 250 1916 tis,
267 1841 412 1901 omnibus
428 1849 548 1902 mature
564 1843 740 1923 perpensis,
757 1841 966 1903 decreverunt
980 1849 1016 1902 ut
1030 1842 1111 1902 infra
1131 1859 1138 1902 :

235 1937 388 1998 Omnibus
411 1939 557 2000 videlicet
579 1939 785 1999 Missionariis
805 1959 869 1998 suas
888 1938 1099 2021 jurisdictioni
1120 1937 1270 2019 subjectis
1290 1948 1322 2000 et

194 2035 320 2115 speciali
351 2035 474 2096 indulto
509 2035 684 2096 fruentibus
712 2035 890 2096 celebrandi
919 2036 950 2094 in
980 2035 1056 2096 mari
1086 2043 1320 2097 sacrosanctum

194 2130 299 2191 Missae
315 2131 506 2191 Sacrificium
527 2131 771 2212 precipiendunr
792 2151 875 2206 esse,
892 2131 1155 2213 quemadmodum
1171 2153 1227 2213 per
1242 2155 1319 2214 prae-

196 2247 267 2286 sens
279 2227 446 2287 Decretum
464 2229 495 2287 S.
509 2227 718 2306 Congrcgatio
734 2229 891 2310 praecipit,
904 2237 954 2302 ut,
967 2229 1089 2309 quoties
1105 2249 1141 2289 eo
1158 2229 1321 2310 privilegio

195 2329 336 2396 utuntur,
354 2323 463 2384 sedulo
479 2331 510 2382 et
529 2323 672 2404 religiose
692 2333 817 2386 servent
837 2326 1034 2406 praescriptas
1049 2325 1187 2406 regulas,
1205 2326 1320 2407 inipso

193 2419 370 2499 apostolicae
387 2419 597 2480 concessionis
613 2421 764 2501 rescripto
779 2422 894 2502 apponi
910 2421 1028 2481 solitas.
1041 2421 1176 2482 Videant
1192 2441 1318 2502 nempe,

194 2523 297 2574 utrum
315 2535 399 2576 marc
413 2515 452 2576 sit
467 2515 544 2576 adeo
557 2516 760 2597 tranquillum
776 2523 811 2576 ut
826 2516 947 2576 nullum
963 2517 1044 2576 adsit
1057 2517 1229 2598 periculum
1244 2519 1320 2577 ellu-

193 2611 288 2670 sionis
303 2611 467 2672 Sacrarum
484 2612 664 2693 Specierum
680 2633 695 2671 e
712 2612 825 2686 calice;
847 2619 956 2672 curent
971 2621 1006 2672 ut
1020 2612 1099 2672 alter
1114 2615 1275 2688 sacerdos,
1295 2615 1319 2674 si

192 2707 342 2780 adfuerit,
367 2708 425 2768 ritc
450 2707 620 2769 celebranti
645 2708 793 2781 adsistat3
819 2716 851 2767 et
874 2708 899 2766 si
923 2707 955 2766 in
981 2707 1052 2767 navi
1078 2729 1139 2768 non
1165 2709 1319 2770 habeatur

192 2803 318 2884 Capella
334 2804 459 2884 propria
477 2804 524 2863 vel
541 2805 638 2865 altare
654 2805 765 2878 fixum,
783 2811 916 2864 caveant
930 2803 1058 2863 omnino
1075 2803 1263 2863 Missionarii
1280 2825 1319 2865 ne

191 2899 278 2960 locus
298 2899 335 2959 ad
356 2899 459 2960 Missae
481 2899 721 2960 celebrationem
742 2900 883 2960 delectus
904 2899 1074 2981 quidquam
1095 2897 1243 2960 indecens
1264 2909 1320 2960 aut

191 2995 372 3056 indecorum
395 3016 459 3076 pras
477 3016 509 3055 se
528 2996 617 3056 ferat.
635 2996 726 3064 Quod
742 3005 825 3056 certe
841 2995 997 3068 eveniret,
1015 2995 1039 3055 si
1062 2995 1317 3074 augustissimum

190 3091 295 3152 altaris
311 3091 493 3172 mysterium
514 3091 544 3150 in
565 3091 685 3151 cellulis
704 3093 915 3152 celebraretur
935 3111 991 3172 pro
1011 3091 1142 3172 privatis
1163 3091 1316 3152 viatorum

191 3187 298 3247 usibus
313 3187 486 3248 destinatis.

231 3283 328 3342 Porro
343 3283 522 3364 hujusmodi
540 3283 601 3343 EE.
621 3283 747 3343 Petrum
768 3283 954 3345 sententiam
975 3285 1194 3366 infrascriptus
1210 3285 1318 3346 Cardi-

190 3377 268 3438 nalis
288 3379 460 3439 Praefectus
481 3379 586 3459 vigore
607 3379 787 3460 specialium
809 3379 995 3441 facultatum
1015 3382 1073 3442 sibi
1094 3403 1111 3442 a
1131 3382 1228 3442 SSrno
1245 3383 1317 3443 Duo

190 3475 305 3535 Nostro
319 3477 422 3536 Leone
435 3476 498 3536 div.
512 3497 601 3556 prov,
615 3476 676 3537 PP.
689 3476 764 3536 Xlll
779 3497 1011 3550 concessarum,
1024 3477 1149 3538 nomine
1164 3485 1195 3537 et
1210 3485 1315 3538 aucto-

188 3570 280 3631 ritate
295 3571 477 3632 Sanctitatis
492 3572 578 3646 Suae,
594 3571 644 3631 die
660 3571 698 3630 ·25
713 3571 883 3652 supradicti
900 3573 1015 3632 mensis
1031 3572 1201 3644 Februarii,
1217 3580 1313 3632 ratam

188 3673 220 3726 et
235 3667 439 3748 adprobatam
455 3687 522 3728 esse
538 3667 718 3752 declaravit.

228 3787 343 3848 Datum
369 3789 477 3848 Romae
502 3809 539 3850 ex
564 3788 682 3849 aedibus
707 3789 738 3849 S.
764 3789 1023 3870 Congrcgationis
1047 3789 1084 3850 de
1110 3789 1312 3870 Propaganda

189 3883 279 3956 Fide,
298 3883 355 3945 hac
370 3883 419 3944 die
438 3888 450 3943 1
469 3886 585 3945 mensis
600 3884 703 3945 martii
721 3887 808 3945 1902.

609 4005 652 4065 M.
670 4005 764 4066 Card.
783 4005 1015 4081 Lsuocnowsru,
1034 4006 1126 4066 Praef.

823 4111 970 4170 ,luorsrus
986 4110 1114 4190 Vsccn,
1130 4110 1247 4172 Secret.

218 4295 224 4328 ¹
245 4297 311 4344 Acta
326 4295 351 4344 S.
367 4295 457 4352 Sedis,
477 4299 495 4344 t.
513 4309 591 4354 xxxv,
608 4311 634 4358 p.
651 4299 693 4354 48,
709 4297 752 4344 vel
770 4297 928 4354 Canoniste,
944 4313 987 4348 an.
1005 4303 1077 4353 1902,
1096 4301 1114 4347 t.
1131 4314 1192 4356 xxv,
1211 4315 1237 4362 p.
1253 4305 1307 4349 ³99.
