3174 5046
623 522 814 573 PROOEMIUM
1250 529 1277 567 111

150 699 266 771 ratius
292 699 515 796 assequeris,
548 699 659 769 finem
685 697 831 797 plenius
861 699 1029 770 intueris.
1060 699 1165 771 Unde
1199 701 1278 772 loco

150 831 303 902 Petrum
319 830 521 901 aliorumve
538 829 757 927 scriptorum
774 829 1117 920 ecclesiasticorum,
1132 831 1277 904 decreta

149 961 391 1034 conciliorum
425 961 536 1032 etiam
569 985 670 1065 mere
703 961 999 1058 particularium,
1033 973 1133 1058 gesta
1167 963 1276 1034 etiam

148 1092 340 1178 historica,
367 1119 448 1190 quae
473 1102 509 1164 et
533 1101 714 1190 quatenus
738 1092 948 1163 referuntur
972 1092 1017 1164 ad
1041 1093 1141 1190 leges
1161 1095 1278 1166 eccle·

148 1223 329 1309 siasticaS,
348 1233 528 1321 quantum
542 1247 765 1320 cognoscere
782 1223 902 1308 licuit,
920 1233 1174 1321 quantumque
1195 1226 1278 1296 tulit

147 1352 309 1425 brevitas
329 1352 453 1426 debita
473 1353 773 1439 Preelectionum,
797 1354 928 1424 afferre
949 1380 1024 1424 non
1045 1356 1273 1452 prcctermisi.

148 1484 241 1556 Mihi
257 1485 355 1556 enim
377 1485 508 1583 saepius
527 1485 566 1556 in
587 1495 748 1556 mentem
766 1497 963 1556 occurrunt
985 1485 1053 1556 iste
1073 1485 1276 1558 doctissimi

148 1616 339 1688 Pontificis
360 1615 550 1688 Benedicti
567 1617 655 1687 XIV
672 1616 804 1689 verba:
827 1651 842 1682 «
864 1615 1077 1690 Sublimior
1093 1619 1160 1689 ille
1169 1620 1277 1716 juris

146 1748 317 1818 canonici
328 1747 537 1844 profitendi
555 1748 663 1836 ratic,
683 1773 755 1845 qua
774 1747 890 1818 veteri
910 1774 1047 1818 novum
1069 1749 1273 1846 copuletur.

141 1877 385 1974 jungiturque
412 1878 592 1975 cognitio,
616 1889 694 1949 tum
719 1879 978 1966 conciliorum,
1002 1890 1079 1950 tum
1107 1880 1277 1952 ecclesia-

146 2009 244 2080 sticae
277 2007 476 2096 historicae,
513 2009 670 2081 sanioris
703 2009 865 2097 criticeS,
897 2021 933 2080 et
966 2035 1093 2080 corum
1123 2011 1272 2108 pariter,

145 2165 225 2235 quae
250 2149 325 2212 tam
350 2140 388 2210 in
409 2140 671 2224 decretalibus,
694 2140 830 2237 quibus
854 2141 1102 2212 communiter
1121 2137 1272 2221 utimur,
1362 2145 1365 2150 '

145 2295 256 2368 quam
277 2271 315 2341 in
335 2271 380 2343 iis
400 2297 480 2368 quae
500 2297 563 2343 sex
583 2271 770 2369 prioribus
785 2271 1066 2344 collectionibus
1085 2274 1275 2344 continen-

145 2411 204 2472 tur
218 2409 240 2473 ¹.
273 2432 288 2468 »
317 2401 468 2475 Utinam
492 2402 568 2474 haec
593 2402 788 2474 sublimior
802 2403 898 2500 juris
917 2403 1084 2474 canonici
1106 2403 1273 2475 tradendi

145 2533 357 2616 methodus,
376 2559 487 2631 quam
508 2534 631 2632 plures
647 2534 725 2631 jam
746 2534 901 2606 feliciter
911 2533 1130 2624 adhibuere,
1150 2537 1274 2632 vulga-

145 2664 216 2734 tior
243 2665 282 2734 in
309 2663 388 2736 dies
414 2663 493 2748 fiat;
526 2665 577 2736 sic
605 2665 704 2736 enim
733 2664 949 2736 venerando
975 2666 1074 2762 leges
1105 2667 1274 2737 ecclesia-

144 2793 241 2865 sticae
277 2795 410 2867 melius
444 2795 710 2894 intelligentur,
747 2796 922 2867 libentius
955 2795 1269 2885 observabuntur,

144 2924 242 2996 unde
275 2927 393 3024 major
420 2927 499 2998 Deo
531 2927 664 3024 gloria,
694 2927 828 2998 clarior
855 2926 1026 2998 Ecclesiae
1055 2927 1150 3010 laus,
1184 2954 1272 3026 prae-

144 3057 300 3128 stentius
321 3057 419 3129 clero
439 3057 551 3130 decus
570 3069 607 3129 et
626 3067 898 3129 ornamentum.

195 3187 263 3259 His
283 3199 406 3260 autem
424 3189 468 3260 de
482 3188 595 3260 Misso
618 3189 931 3260 Praelectionibus
950 3189 1110 3259 annexui
1124 3189 1274 3288 Appen-

144 3318 262 3390 dicem
282 3319 326 3390 de
347 3319 578 3392 sanctissimo
594 3319 832 3392 Eucharistiae
852 3331 1096 3408 sacramento,
1121 3321 1273 3418 Appen-

145 3450 263 3522 diccm
279 3451 375 3540 dico,
394 3477 469 3522 non
486 3451 633 3550 proprie
650 3450 790 3532 dictum
805 3452 1034 3540 Tractatum,
1053 3451 1117 3548 qui
1133 3462 1272 3549 spectat

144 3581 190 3653 ad
214 3582 439 3680 Theologos,
467 3593 504 3654 et
527 3608 653 3654 revera
678 3582 776 3680 opud
801 3608 863 3654 eos
888 3583 1020 3680 plenus
1040 3593 1075 3653 ct
1099 3582 1272 3654 omnibus

144 3713 310 3784 numeris
334 3712 525 3785 absolutus
553 3713 752 3811 repe1·itur;
785 3713 900 3798 unde,
929 3741 974 3784 nc
999 3723 1120 3784 actum
1146 3739 1268 3810 agam,

143 3843 218 3916 duo
252 3855 395 3916 1311111111
433 3856 496 3916 aut
532 3845 601 3916 tria
638 3855 774 3943 puncta
810 3843 934 3941 attigi,
972 3854 1009 3915 111
1049 3843 1099 3914 ibi
1133 3845 1272 3916 videbit

144 3975 287 4050 Lector.

177 4269 185 4302 ¹
202 4269 324 4318 institut.
341 4267 526 4328 XLll,n.16;
545 4269 668 4326 Lovam'i,
686 4273 757 4326 1762,
774 4273 793 4316 t.
811 4285 841 4326 11,
860 4285 886 4331 p.
901 4271 939 4316 ot.
