3224 5044
327 475 375 526 172
806 469 850 520 DE
869 467 970 520 mssa

323 619 423 705 longe
454 616 645 683 discussum
677 638 718 680 ex
747 621 890 700 utraque
920 619 1028 700 parte.
1061 611 1108 677 At
1137 611 1202 676 ista
1235 612 1273 678 S.
1308 611 1456 702 Congu,

321 733 377 798 die
399 732 439 798 15
459 731 572 796 martii
597 731 700 811 1710,
717 729 850 794 distulit
869 715 1110 796 resolutionem
1121 731 1143 810 ¹,
1165 749 1268 816 quam
1294 725 1459 816 deinceps

323 866 498 932 nunquam
524 843 648 909 dedit².
671 841 770 922 Quod
790 843 925 931 signum
952 851 1005 909 est
1032 841 1218 908 Ecclesiam
1248 863 1317 906 non
1345 841 1458 906 inten-

322 959 419 1042 dere,
440 965 478 1023 ut
497 981 612 1023 curam
637 958 844 1040 animarum,
867 979 942 1045 quae
967 965 1058 1022 certo
1082 954 1249 1020 incumbit
1273 955 1458 1043 superiori·

323 1072 387 1138 bus
415 1072 644 1161 regularibus,
667 1071 877 1160 ingrediatur
907 1072 1069 1160 obligatio
1099 1072 1211 1136 missae
1241 1094 1305 1158 pro
1334 1069 1459 1137 ovibus

322 1188 527 1254 commissis.
549 1227 593 1237 -
617 1189 786 1254 Gruterum
810 1210 915 1276 quum
939 1185 1226 1275 singuleedomus
1246 1185 1458 1272 regularium

323 1309 522 1367 remaneant
542 1303 575 1366 in
596 1301 733 1366 dioecesi
753 1308 787 1366 et
806 1300 847 1366 de
868 1301 1006 1367 dioecesi
1027 1300 1124 1390 (licet
1148 1322 1223 1364 cum
1246 1300 1458 1387 competenti

322 1415 571 1503 exemptione),
599 1416 647 1480 eis
673 1413 811 1504 prodest
839 1415 943 1481 missa
974 1438 1034 1502 pro
1063 1415 1189 1503 populo
1216 1411 1259 1478 ab
1284 1412 1458 1501 Episcopo

324 1528 509 1608 celebrata;
533 1529 617 1610 imo,
636 1552 712 1594 cum
733 1529 801 1594 sint
822 1529 924 1594 etiam
940 1529 973 1594 in
994 1527 1162 1594 territorio
1180 1525 1369 1614 parochiae,
1388 1550 1457 1591 non

323 1642 482 1706 videntur
501 1642 636 1707 excludi
655 1643 697 1708 ab
718 1643 944 1730 applicatione
965 1642 1076 1706 missac
1096 1639 1312 1729 parochialis.

370 1757 424 1822 10ο
443 1757 491 1822 De
506 1757 662 1822 Praelatis
682 1758 916 1843 inferioribus.
938 1796 982 1806 —
1003 1761 1033 1822 t.
1056 1757 1092 1822 Si
1118 1756 1187 1820 sint
1206 1755 1345 1820 Praelati
1365 1756 1457 1820 Nul-

323 1871 405 1956 1111,
428 1877 587 1938 tenentur
605 1871 649 1937 ad
668 1871 806 1936 missam
822 1895 882 1959 pro
902 1871 1044 1960 populo;
1067 1877 1147 1936 tunc
1163 1871 1254 1935 enim
1274 1869 1375 1958 (licet
1387 1893 1457 1935 non

322 1985 393 2050 sint
419 1987 536 2051 stricto
563 1985 860 2073 sensualitates)
891 1983 1223 2072 comprehenduntur
1250 1983 1338 2047 inter
1377 1982 1456 2048 illos

322 2127 339 2158 1(
363 2097 503 2164 abbates
525 2099 798 2187 jurisdictionem
827 2098 1177 2188 quasi-episcopalem
1204 2097 1238 2162 in
1265 2097 1397 2162 clerum
1421 2105 1457 2163 et

321 2210 487 2298 populum
514 2235 589 2276 curn
618 2212 785 2277 territorio
813 2220 968 2301 separato
994 2211 1159 2278 habentes
1183 2239 1216 2294 n,
1241 2233 1327 2299 quos
1352 2234 1455 2277 onere

324 2323 436 2387 missae
446 2347 507 2411 pro
517 2325 642 2412 populo
655 2333 815 2413 gravatos
825 2325 935 2391 voluit
945 2325 1013 2391 Leo
1025 2323 1103 2390 Xlll
1114 2325 1240 2413 (supra,
1253 2347 1288 2389 n.
1304 2324 1373 2406 89,
1385 2325 1452 2413 30);

323 2475 366 2485 -
385 2437 417 2502 2.
449 2437 573 2503 Sinon
600 2439 668 2505 sint
687 2440 844 2524 Nullius,
866 2440 945 2504 11111
968 2438 1114 2504 habeant
1138 2439 1266 2503 clerum
1290 2446 1324 2503 et
1343 2461 1454 2527 popu-

323 2550 413 2632 lum,
440 2575 509 2616 non
541 2559 716 2634 tenentur;
743 2553 785 2618 de
809 2553 861 2618 his
886 2555 975 2619 enim
1003 2553 1080 2618 silet
1103 2576 1242 2640 prorsus
1266 2552 1335 2617 Leo
1355 2552 1451 2634 Xlll;

321 2688 428 2752 quum
444 2672 557 2732 autem
577 2689 692 2732 eorum
712 2668 919 2733 territorium
939 2673 1111 2732 remaneat
1137 2667 1172 2731 in
1199 2667 1337 2732 dioecesi
1356 2667 1453 2731 etde

323 2779 477 2863 dioecesi,
500 2781 658 2846 fidelibus
677 2781 726 2846 eis
746 2781 938 2847 commissis
958 2781 1096 2871 prodest
1119 2782 1223 2846 missa
1243 2803 1304 2869 pro
1324 2781 1452 2869 populo

320 2893 364 2958 ab
385 2895 551 2984 Episcopo
571 2894 750 2960 celebrata.

368 3007 423 3071 11ο
447 3009 496 3073 De
520 3009 680 3094 parocbia
699 3017 730 3072 11
754 3009 794 3073 (11
815 3009 947 3094 hirqui
966 3007 1047 3094 plus
1072 3008 1221 3072 minusve
1239 3029 1360 3073 curam
1380 3011 1452 3072 ani-

324 3144 458 3186 marum
473 3123 706 3208 parochialem
721 3123 946 3208 participant,
964 3123 1031 3187 late
1046 3121 1156 3188 dicam
1173 3122 1207 3186 in
1221 3122 1452 3187 Praelcctioni-

321 3236 384 3298 hus
404 3236 443 3298 (11
462 3235 646 3319 Ρ11111111,·
664 3236 754 3302 unde
773 3237 826 3301 hic
850 3243 984 3302 tantum
1008 3237 1115 3301 refero
1139 3259 1307 3300 summam
1331 3259 1451 3302 eorum
1529 3316 1531 3318 Ι

321 3369 397 3434 quae
426 3346 472 3411 ibi
504 3348 647 3414 dicenda
669 3359 760 3417 sunt.
792 3351 963 3416 Tenentur
992 3350 1034 3416 ad
1065 3351 1204 3416 missam
1227 3373 1288 3438 pro
1321 3349 1451 3438 populo

318 3483 439 3524 omnes
451 3461 599 3548 parochi,
614 3464 685 3528 sive
699 3465 940 3549 inemeribitce,
958 3465 1029 3530 sive
1044 3465 1250 3547 amovibiles,
1263 3466 1335 3530 sive
1349 3487 1450 3550 repu-

320 3576 424 3660 tares,
443 3577 513 3642 sire
531 3579 726 3662 saecularem·
751 3580 833 3644 item
852 3587 1012 3646 tenentur
1030 3603 1148 3645 omnes
1175 3579 1299 3645 Vicarii
1321 3582 1448 3664 curati,

320 3691 392 3756 sive
413 3694 587 3778 perpetui,
614 3693 685 3758 sive
709 3694 923 3779 temporales,
950 3695 1052 3760 etiam
1079 3695 1269 3779 reputares,
1296 3695 1330 3758 in
1351 3717 1450 3782 paro·

319 3804 404 3870 chiis
424 3805 544 3887 unitis3
568 3806 666 3887 item,
683 3814 722 3872 ut
732 3807 805 3894 jam
824 3807 1035 3891 dictumest,
1053 3814 1213 3874 tenentur
1228 3809 1344 3873 vicarii
1363 3832 1449 3874 (111-

351 4043 359 4078 ¹
375 4045 453 4101 Quod
468 4051 556 4098 totum
572 4051 663 4098 narrat
678 4045 780 4096 Giraldi
796 4061 828 4095 ex
844 4045 910 4108 ipsis
925 4045 951 4094 S.
968 4045 1065 4108 Congr.
1081 4047 1207 4109 regestis,
1220 4045 1362 4109 depositio
1368 4047 1448 4111 juris

316 4125 465 4187 pontificii,
482 4144 546 4192 pars
561 4129 599 4188 11,
616 4129 682 4177 sect.
698 4142 792 4186 mxxv,
809 4142 835 4190 p.
851 4131 905 4175 925.

350 4203 361 4238 ²
378 4205 415 4254 Ut
430 4209 546 4259 testatur
559 4211 631 4259 idem
647 4208 762 4266 Giraldi,
779 4206 843 4256 ibid.
858 4207 927 4266 Noc,
944 4221 958 4254 (1
974 4210 1096 4271 tempore
1107 4207 1223 4267 Giraldi,
1237 4207 1270 4256 de
1285 4207 1357 4256 dictu
1372 4222 1448 4256 reso-

317 4283 421 4335 lutione
436 4289 558 4338 auditum
574 4291 623 4338 cst.
