3180 5024
317 505 368 560 190
799 503 844 552 DE
863 501 960 554 Missa

314 655 421 721 relata
436 653 471 718 in
492 657 600 717 const.
620 649 823 736 Apostolica
842 649 949 734 Sedis,
968 650 1028 715 sed
1042 652 1354 717 excommunicatio
1374 677 1449 741 per

314 767 406 834 cellit
424 771 605 854 utrosque,
628 771 703 830 tum
721 763 845 845 laicos,
868 770 942 830 tum
962 764 1114 831 clericos.

359 988 454 1057 101.
469 1024 513 1037 -
527 987 795 1074 Expcnuntur
815 984 984 1073 singula
1003 992 1137 1073 partes
1156 994 1292 1056 textus
1311 988 1448 1056 Pium.

359 1101 391 1166 1ο
417 1101 620 1186 Collipentes
643 1099 885 1184 eleemosynas,
908 1105 973 1165 etc.
1000 1137 1044 1150 -
1069 1103 1099 1166 l.
1130 1100 1202 1172 Vis.
1215 1101 1322 1188 hujus
1346 1125 1448 1168 voca-

312 1215 384 1283 buli
403 1217 596 1302 colliqentes
614 1213 756 1301 requirit
775 1211 918 1299 (adhoc
940 1220 980 1278 ut
1003 1215 1311 1280 excommunicatio
1331 1217 1448 1282 incur-

312 1332 422 1422 ratur)
443 1338 482 1397 ut
511 1329 588 1418 quis
618 1335 750 1415 quaerat
780 1327 961 1392 missarum
986 1328 1236 1416 eleemosynas;
1266 1353 1337 1395 non
1365 1354 1447 1418 ergo

312 1445 437 1512 sufficit
461 1451 500 1510 ut
523 1443 599 1532 quis
621 1450 739 1528 sponte
765 1441 896 1506 oblatas
921 1443 1060 1528 recipiat
1083 1443 1221 1524 missas,
1245 1443 1319 1510 sive
1344 1469 1364 1511 a
1390 1469 1443 1526 se,

311 1561 382 1626 sive
402 1559 504 1626 etiam
520 1557 562 1623 ab
582 1556 658 1622 aliis
678 1554 913 1638 celebrandae,
935 1557 1001 1622 nisi
1020 1564 1152 1640 tamen,
1174 1559 1210 1622 in
1229 1558 1294 1624 hcc
1318 1559 1446 1626 ultimo

310 1697 408 1755 casu,
437 1673 550 1737 missae
576 1671 607 1736 ei
634 1669 685 1756 (v.
721 1695 770 1757 g.,
799 1670 932 1738 custodi
959 1671 1114 1760 sacrarii)
1141 1673 1241 1758 quasi
1270 1673 1446 1739 collectori

310 1787 583 1867 committantur;
604 1822 649 1836 —
667 1785 700 1849 2.
728 1783 842 1862 Quum
865 1791 981 1850 autem
1000 1785 1072 1850 hacc
1090 1809 1157 1850 vox
1181 1787 1380 1872 colliqeutes
1400 1789 1444 1854 sit

310 1901 582 1994 generalissima,
605 1899 842 1987 complectitur
865 1907 934 1964 tam
961 1899 1066 1965 laicos
1094 1923 1198 1989 quam
1221 1901 1382 1982 clericos,
1404 1909 1444 1968 ut

305 2018 529 2107 jamdictum
555 2021 622 2094 esu
653 2052 695 2066 -
719 2013 751 2079 3.
778 2011 963 2095 Caeterum,
988 2014 1155 2102 quidquid
1177 2014 1295 2082 dicunt
1315 2016 1441 2104 aliqui,

309 2133 433 2200 satisfit
452 2131 530 2196 huic
550 2128 731 2208 vocabulo,
754 2127 905 2193 etiamsi
928 2129 1005 2215 quis
1024 2136 1153 2216 quaerat
1173 2129 1295 2194 missas
1316 2153 1335 2194 a
1355 2130 1443 2196 duo·

309 2246 373 2312 bus
392 2251 451 2310 aut
470 2243 579 2309 tribus
598 2251 745 2324 tantum,
767 2241 835 2306 imo
855 2242 957 2307 etiam
977 2241 1019 2307 ab
1037 2263 1122 2323 un03
1141 2243 1171 2308 si
1190 2243 1267 2331 quis
1285 2245 1379 2308 enim
1398 2245 1442 2310 ab

307 2384 375 2427 uno
395 2379 549 2446 quaerens
569 2357 733 2445 receperit
757 2361 894 2422 centum
913 2356 1051 2438 missas,
1078 2355 1165 2422 bene
1195 2356 1319 2423 dicitur
1338 2361 1441 2426 colle-

307 2477 393 2564 qisse
412 2473 545 2538 missas.

352 2591 386 2654 2⁰
405 2587 609 2672 Colliqentes
632 2585 858 2670 eleemosynas
872 2561 939 2669 pro
959 2583 1084 2667 missis,
1106 2590 1172 2650 etc.
1194 2623 1238 2634 —
1263 2589 1293 2650 1.
1317 2587 1440 2668 Quoad

308 2723 489 2768 numerum
520 2697 718 2781 missarum,
742 2704 876 2786 oportet
901 2703 940 2762 ut
966 2697 1011 2762 sit
1041 2705 1094 2763 sat
1129 2699 1301 2788 copiosus3
1336 2723 1439 2766 nemo

307 2818 398 2884 enim
422 2815 545 2880 dicitur
568 2813 738 2898 collcyisse
761 2811 899 2892 missas,
926 2812 1115 2898 praesertim
1139 2811 1174 2876 in
1198 2835 1234 2877 re
1257 2816 1436 2900 prasenti,

307 2954 428 3020 nempe
448 2930 490 2994 ad
510 2927 658 3007 lucrum,
681 2925 739 3014 qui
762 2949 887 3014 paucas
906 2931 1060 3008 tantum,
1086 2949 1120 2992 v.
1142 2949 1192 3013 g.,
1209 2927 1359 3016 quinque
1379 2939 1439 2996 aut

307 3047 423 3112 decem
449 3043 592 3130 recepit,
619 3041 699 3106 licet
723 3039 825 3105 etiam
849 3037 928 3104 inde
952 3039 1084 3104 lucrum
1110 3040 1154 3105 ad
1178 3063 1282 3126 grave
1306 3041 1438 3108 turtum

306 3159 478 3225 sufficiens
488 3155 691 3244 perceperit,
706 3194 750 3202 -
760 3155 792 3219 2.
807 3151 927 3232 Quoad
939 3155 1141 3240 qualitatem
1152 3155 1346 3237 missarum,
1362 3159 1438 3244 agi-

305 3281 361 3338 tur
380 3272 421 3336 de
442 3270 557 3334 missis
573 3269 805 3350 manualibus,
823 3291 892 3332 non
910 3290 991 3332 vero
1011 3267 1053 3333 de
1073 3267 1188 3334 missis
1201 3269 1361 3356 beneficio
1377 3281 1438 3338 aut

304 3383 496 3470 capellania
515 3383 674 3466 annexis,
692 3382 783 3472 quia,
805 3381 839 3446 in
858 3388 1001 3471 utraque
1021 3381 1127 3464 bulla,
1154 3383 1377 3450 Benedictina
1402 3393 1437 3452 et

305 3500 422 3580 Piana‚
445 3497 557 3586 agitur
578 3497 618 3561 dc
638 3495 692 3560 his
711 3495 825 3560 missis
845 3519 920 3584 quae
940 3495 1149 3584 stipendium
1167 3503 1340 3580 taxatum,
1363 3505 1436 3564 sta·

303 3614 388 3682 tutis
407 3610 656 3703 episcopalibus
676 3617 735 3676 aut
753 3609 1014 3692 consuetudine,
1038 3609 1180 3693 habent,
1203 3611 1292 3676 etin
1311 3614 1435 3700 quovis

303 3730 379 3795 loco
399 3725 562 3794 celebrari
586 3724 712 3804 solent,
738 3723 828 3788 unde
852 3723 967 3788 missis
991 3725 1224 3810 manualibus,
1251 3723 1314 3791 hac
1339 3726 1434 3792 bulla

304 3839 572 3930 comprehensis,
604 3836 832 3904 assimilandae
858 3844 939 3902 sunt
962 3837 1076 3902 missae
1099 3837 1249 3904 fundatae
1275 3839 1431 3928 quidem,

304 3957 364 4023 sed
383 3955 470 4022 nulli
490 3953 692 4019 inhaerentes
711 3949 876 4017 beneficio
891 3959 950 4017 aut
969 3951 1164 4040 capellaniae
1179 3955 1201 4019 ¹.

348 4071 381 4138 3ο
408 4069 633 4156 Colligentes,
662 4073 694 4131 el
719 4087 761 4130 ec
785 4065 832 4131 cis
859 4065 993 4132 lucrum
1019 4073 1205 4152 captantes,
1228 4073 1292 4132 ctc.
1315 4068 1430 4134 -En

334 4249 343 4284 ¹
360 4247 397 4297 Ut
411 4247 465 4298 late
483 4248 652 4296 demonstrat
667 4245 833 4305 Pcnnacchi,
846 4245 1045 4295 Commentario
1061 4245 1088 4295 tn
1104 4243 1326 4294 constitutionem
1337 4264 1349 4291 ι
1360 4245 1429 4309 Apo-

301 4326 404 4378 ctoticoe
417 4325 494 4376 Sedis
510 4347 536 4385 n,
553 4327 659 4384 Romae,
676 4329 749 4384 1883,
765 4328 785 4374 1.
802 4341 824 4384 r,
840 4340 866 4388 p.
883 4329 928 4373 956
947 4341 987 4388 sq.
