3246 5026
636 513 838 565 DOCUlllENTA
1247 513 1298 568 367

211 661 302 736 §32
331 659 401 718 Non
437 658 633 718 obstantibus
669 658 813 718 omnibus
841 666 873 718 et
900 659 1031 738 singulis
1064 681 1134 740 quae
1170 660 1298 741 praelata

170 755 396 836 Congregati0‚
421 754 606 814 auctoritate
636 775 690 834 per
716 754 855 835 ejusdem
885 755 1110 816 recordationis
1134 755 1298 818 Urbanum

171 853 286 934 Papam
314 851 388 910 Vlll
416 859 446 911 et
472 850 644 931 respective
674 871 729 932 per
755 851 820 910 Nos
851 851 896 910 illi
927 852 1103 932 specialiter
1130 852 1296 928 attributa,

169 949 308 1009 decrevit
324 968 386 1007 non
402 947 540 1019 obstare,
558 967 627 1027 quae
644 947 760 1026 pariter
779 955 810 1006 et
829 947 942 1007 iterum
960 947 1024 1007 Nos
1041 956 1149 1008 tenore
1165 970 1299 1030 praesen-

171 1046 247 1104 tium
273 1064 334 1103 non
359 1042 482 1102 obstare
504 1041 700 1102 decernimus
722 1049 754 1102 et
776 1041 975 1116 mandamus,
999 1043 1113 1125 quibus
1136 1045 1296 1118 omnibuS,

169 1139 273 1222 quoad
288 1159 323 1200 ea
339 1159 409 1219 quae
423 1137 630 1218 praesentibus
650 1137 866 1213 adversantur,
883 1138 944 1198 illis
964 1139 1040 1198 alias
1060 1140 1090 1198 in
1114 1161 1171 1200 suo
1186 1141 1298 1201 robore

170 1235 392 1316 permansuris,
402 1234 494 1293 etiam
508 1233 619 1293 harum
631 1233 709 1293 serie
723 1233 912 1313 plenissime,
924 1233 1100 1314 specialiter
1112 1241 1143 1294 et
1154 1255 1297 1316 expresse

169 1331 371 1410 derogamus,
388 1329 571 1410 caeterisque
586 1329 749 1390 contrariis
764 1329 1025 1411 quibuscumque.

209 1427 288 1502 533.
307 1426 459 1486 Volumus
478 1433 582 1486 autem
603 1433 637 1485 ut
657 1433 826 1506 praesentes
842 1427 967 1486 Litterae
988 1427 1019 1486 in
1040 1427 1139 1487 valvis
1158 1428 1296 1488 eeclesiae

170 1523 403 1596 Lateranensis,
419 1543 454 1582 ac
476 1521 616 1582 Basilica
638 1521 792 1603 Principis
811 1523 1052 1603 Apostolorum,
1075 1543 1195 1584 necnon
1216 1525 1298 1585 Can·

170 1619 302 1680 cellariae
317 1607 508 1700 apostolieae,
526 1618 692 1698 Cariaeque
707 1618 870 1678 Generalis
889 1619 920 1678 in
937 1618 1046 1679 Monte
1062 1619 1197 1695 Citori0,
1215 1642 1250 1681 ae
1265 1621 1296 1680 in

170 1717 235 1777 acie
250 1715 360 1796 Campi
376 1715 477 1774 Florae
497 1715 535 1774 de
552 1715 651 1788 Urbe,
669 1721 703 1774 ut
718 1715 813 1774 moris
828 1723 891 1788 est,
909 1715 1108 1796 publicentur
1122 1724 1153 1776 et
1172 1717 1297 1797 affigan-

172 1812 352 1894 tur‚,sieque
367 1810 534 1892 publicatae
549 1817 581 1869 et
595 1811 709 1886 affixae,
722 1831 830 1870 omnes
846 1819 877 1870 et
892 1811 1042 1891 singulos,
1055 1832 1133 1892 quos
1148 1812 1208 1871 illae
1224 1833 1297 1872 con-

170 1917 318 1982 cernunt,
345 1906 473 1988 perinde
498 1913 620 1966 arctent
643 1915 675 1966 et
700 1907 855 1980 alliciant,
880 1927 916 1967 ac
942 1907 967 1965 si
996 1907 1162 1988 unicuique
1189 1928 1295 1968 eorum

170 2003 376 2085 personaliter
390 2003 542 2062 intimatae
559 2001 701 2064 luissent.

210 2107 225 2176 ξ
252 2100 302 2160 34.
334 2099 532 2178 Pariterque,
563 2105 598 2158 ut
630 2099 809 2159 earumdem
844 2097 1044 2179 praesentium
1078 2102 1296 2181 transsumptis

170 2197 344 2277 impressis,
368 2215 461 2255 manu
486 2193 619 2275 alicujus
641 2195 753 2254 notarii
779 2193 894 2274 publici
917 2193 1116 2275 subscriptis,
1140 2203 1171 2256 et
1194 2197 1297 2276 sigillo

170 2313 312 2374 personae
340 2291 371 2350 in
398 2290 550 2370 dignitate
577 2290 785 2352 ecclesiastica
810 2291 991 2350 constitutae
1016 2291 1161 2367 munitis,
1187 2292 1296 2354 eadem

171 2409 298 2469 prorsus
319 2388 395 2447 fides
418 2387 613 2462 adhibeatur,
630 2407 700 2468 quse
721 2387 928 2467 praesentibus
948 2387 1022 2467 ipsis
1043 2387 1254 2465 adhiberetur,
1272 2389 1296 2448 si

172 2485 274 2544 forent
290 2483 437 2544 exhibitas
453 2482 503 2543 vel
519 2491 662 2543 ostensae.

211 2583 226 2652 ,ξ
253 2579 302 2636 35.
334 2575 418 2636 Nulli
448 2597 522 2655 ergo
556 2575 684 2634 omnino
713 2574 874 2634 hominum
910 2575 1002 2635 liceat
1038 2577 1182 2657 paginam
1219 2577 1297 2638 hanc

172 2675 355 2733 Nostrarum
382 2671 643 2745 confirmationis,
664 2671 915 2751 approbationis,
939 2673 1064 2746 statuti,
1081 2673 1295 2746 decretorum,

171 2769 387 2842 ordinationis,
401 2767 582 2841 voluntatis,
598 2767 779 2841 sanctionis,
794 2766 1012 2827 mandatorum
1028 2775 1059 2827 et
1073 2767 1295 2847 derogationis,

171 2865 355 2944 infringere,
371 2865 422 2924 vel
442 2864 469 2924 ei
491 2885 568 2924 ausu
590 2863 754 2923 temerario
775 2864 939 2924 contraire.
956 2863 988 2922 Si
1010 2864 1080 2945 quis
1102 2873 1206 2924 autem
1229 2864 1296 2924 haec

171 2969 324 3023 attentare
351 2959 600 3043 praesumpserit,
626 2959 872 3039 indignationem
900 2959 1132 3040 Omnipotentis
1163 2960 1236 3035 Dei,
1262 2981 1298 3020 ac

172 3057 339 3118 Beatorum
367 3056 451 3116 Petri
467 3055 508 3117 'et
531 3053 619 3115 Pauli
644 3055 858 3136 apostolorum
884 3055 967 3136 ejus,
991 3077 1023 3117 se
1048 3057 1170 3116 noverit
1194 3057 1298 3117 ineur-

171 3173 289 3213 surum.

212 3249 328 3309 Datum
345 3249 453 3308 Romae
473 3247 556 3328 apud
572 3247 717 3308 Sanctam
734 3247 865 3308 Mariam
882 3248 1034 3330 blajorem
1055 3269 1137 3320 anno
1154 3249 1296 3310 lucarna-

174 3343 266 3404 tionis
289 3345 461 3405 Dominieae
485 3343 650 3404 millesimo
673 3344 899 3405 sexcentesimo
922 3346 1124 3425 nonagesimo
1147 3347 1295 3428 septimo,

173 3441 294 3500 decimo
311 3440 465 3501 Kalendas
482 3439 633 3521 januarii,
651 3438 854 3500 Pontificatus
871 3440 977 3501 Nostri
992 3463 1074 3502 anno
1090 3443 1234 3522 septime.
