3180 5024
251 363 254 370 ’
306 389 359 445 aso
608 389 653 440 oc
672 389 889 444 sonorissmo
909 389 1131 444 sucumsnro

306 537 365 604 cit.
385 533 478 600 bulla
495 533 654 610 Quamvis
666 535 777 620 juste,
799 534 899 617 524:
922 561 938 596 n
959 535 1127 601 Canonica
1146 536 1321 616 doctrina,
1338 533 1429 621 juxta

306 672 409 739 quam
429 655 642 714 sacrosancta
662 647 872 713 Eucharistia
893 649 927 713 in
945 649 1105 733 ecclesiis,
1127 673 1204 736 quae
1222 649 1431 736 parochiales

305 771 489 846 nonnum,
512 763 652 827 retineri
671 785 737 827 non
752 771 865 848 potest
882 762 1011 851 absque
1033 764 1192 851 praesidio
1214 762 1342 828 indulti
1359 785 1432 848 apo·

307 876 434 956 stolici‚
460 875 516 940 vel
539 875 816 941 immemorabilis
839 877 1111 958 consuetudinis,
1137 899 1213 966 quae
1241 875 1432 964 hujusmodi

305 989 431 1056 indulti
450 989 750 1078 praesumptionem
770 989 911 1056 inducit.
936 1019 952 1054 n

350 1103 387 1170 3⁰
408 1105 445 1171 si
467 1109 587 1191 agatur
611 1103 645 1168 in
666 1103 777 1190 specie
802 1103 842 1169 de
862 1105 1006 1170 ecclesiis
1025 1112 1084 1171 aut
1110 1106 1275 1170 oratoriis
1305 1107 1434 1190 confra-

307 1219 524 1301 ternitatum,
549 1239 603 1282 res
634 1224 689 1284 est
718 1218 838 1304 scripti
866 1224 900 1283 et
930 1219 1063 1303 definiti
1086 1221 1199 1306 juris,
1227 1241 1275 1284 ex
1302 1218 1341 1286 S.
1369 1218 1430 1282 nit.

307 1331 587 1420 Congregationis
620 1330 756 1396 decreto
794 1331 898 1397 Urbis
927 1341 960 1396 et
989 1332 1106 1416 Orbis,
1139 1332 1179 1398 10
1207 1333 1288 1398 dec.
1319 1331 1433 1400 1703&

306 1447 495 1512 confirmati
514 1446 549 1510 in
569 1445 676 1511 torma
696 1445 836 1533 speciali
855 1471 874 1512 a
893 1446 1072 1512 Clemente
1086 1447 1150 1528 xl,
1174 1447 1215 1510 12
1236 1447 1316 1534 jan.
1341 1445 1432 1521 lint,

305 1567 340 1626 et
365 1560 436 1624 vim
466 1560 554 1647 legis
580 1559 742 1640 habente,
769 1560 805 1624 in
829 1560 891 1626 boc
916 1561 1007 1626 enim
1027 1561 1179 1642 decreto,
1206 1561 1251 1626 ad
1279 1561 1342 1643 26,
1364 1560 1436 1624 huic

305 1675 473 1763 quaesito:
501 1701 517 1736 «
540 1675 595 1740 An
616 1674 650 1738 in
670 1674 771 1740 dictis
792 1675 935 1740 ecclesiis
960 1676 1308 1761 confraternitatum,
1331 1696 1435 1762 neque

306 1787 567 1877 parochialibus
581 1811 690 1877 neque
710 1787 935 1876 regularibus,
952 1789 1090 1854 retineri
1105 1791 1215 1878 possit
1223 1789 1289 1856 SS.
1310 1789 1435 1854 Eucha-

306 1899 408 1966 ristiae
437 1904 703 1980 sacramentum,
736 1899 808 1964 sinc
839 1898 979 1985 speciali
1007 1898 1141 1966 indulto
1172 1899 1274 1966 Sedis
1301 1907 1435 1987 aposto-

305 2013 395 2094 licae,
423 2040 439 2073 υ
468 2011 673 2098 respondit:
707 2039 722 2072 α
744 2011 928 2097 Nepotivc;
953 2039 968 2074 n
1000 2011 1034 2078 in
1064 2012 1131 2077 line
1162 2021 1280 2080 tamen
1312 2011 1434 2077 decreti

305 2126 419 2190 firmas
440 2125 515 2191 vult
536 2147 611 2190 esse
640 2125 904 2192 consuetudines
927 2127 1214 2192 immemorabiles
1238 2127 1293 2191 uel
1318 2126 1433 2191 saltem

304 2239 523 2303 centenarias.

350 2352 389 2416 B.
411 2351 645 2438 Ecceptiones.
671 2391 716 2402 —
745 2355 779 2418 l0
808 2353 1027 2424 Consuetudo
1050 2354 1353 2434 immemorabilis,
1380 2361 1434 2416 aut

304 2463 425 2530 saltem
454 2468 666 2552 centenaria,
697 2468 818 2534 titulus
844 2475 897 2534 est
929 2467 1104 2554 legitimus
1132 2467 1335 2534 asservandi
1362 2489 1435 2530 mn-

306 2579 497 2646 ctissimum
516 2581 774 2648 Sacramentum
799 2583 834 2646 in
858 2581 1001 2647 ecclesia
1031 2581 1135 2647 etiam
1160 2603 1229 2645 non
1253 2579 1436 2668 parochiali

307 2701 366 2761 aut
398 2693 577 2782 collegiata
607 2702 666 2761 aut
693 2696 852 2783 regulari.
877 2735 923 2744 -
950 2695 1049 2761 Clare
1075 2701 1171 2781 patet
1200 2717 1262 2781 pro
1295 2693 1436 2760 ecclesiis

308 2812 643 2895 confraternitatum,
666 2833 708 2875 ex
727 2810 845 2874 statim
864 2811 967 2874 citato
986 2809 1122 2874 decreto
1143 2809 1177 2874 S.
1200 2808 1272 2873 llit.
1296 2809 1435 2894 Congu,

309 2947 364 2990 an.
388 2923 490 3004 1703;
514 2930 549 2989 et
566 2924 655 2989 idem
675 2924 857 2990 dicendum
882 2947 943 3012 pro
963 2922 1055 3004 aliis,
1080 2923 1220 2988 cuilibet
1240 2924 1332 2987 enim
1352 2921 1434 3009 legi.

310 3037 376 3102 nisi
395 3037 552 3124 specialis
577 3038 636 3102 frat
661 3038 816 3124 exceptio
837 3037 930 3126 (quic
957 3037 1011 3102 hic
1042 3036 1131 3102 lactu
1162 3060 1231 3100 non
1256 3035 1327 3122 est)
1344 3037 1438 3101 dero·

311 3156 410 3236 gutur
450 3173 511 3237 per
549 3151 829 3217 consuetudinem
866 3149 1180 3216 immemorabilem.
1217 3150 1269 3215 lta
1307 3171 1439 3218 omncs·

312 3262 429 3345 Petra,
453 3263 657 3331 Benedictus
676 3265 772 3348 XIV,
800 3265 984 3346 Cavalieri,
1011 3265 1158 3347 Giraldi,
1186 3265 1440 3351 Schmalzgrue·

312 3375 383 3460 ber,
405 3383 485 3461 eto,
508 3385 571 3444 etc.
584 3384 606 3446 ².
630 3379 668 3446 ln
687 3405 754 3468 quo
775 3403 877 3446 sensu
897 3402 1055 3468 expresse
1070 3387 1104 3445 et
1119 3379 1245 3446 diserte
1265 3376 1441 3466 respondit

313 3491 349 3559 S.
372 3489 497 3580 Congr.
520 3491 639 3575 Cone,
657 3495 699 3560 27
720 3517 790 3582 apr.
815 3479 901 3562 170'9
913 3495 935 3559 ³.
1102 3483 1105 3490 ¹

345 3646 354 3679 ¹
373 3646 486 3695 Decreta
501 3645 670 3704 authentica,
687 3662 712 3695 n.
729 3651 803 3705 212³,
818 3651 836 3697 t.
854 3663 875 3706 1,
892 3661 918 3711 p.
933 3651 986 3696 ⁴71.

345 3727 356 3762 ¹
373 3725 466 3785 Petra,
483 3725 532 3775 too.
548 3725 603 3784 cn,
618 3741 644 3774 n.
660 3732 703 3785 Ὡς
716 3752 745 3764 -
758 3727 921 3777 Benedictus
937 3725 1010 3784 XIV,
1022 3727 1050 3776 iu
1062 3727 1108 3775 cit.
1122 3725 1197 3774 bulla
1211 3724 1339 3784 Quantula
1348 3726 1440 3790 Juslo‚·

316 3831 343 3841 -
359 3804 506 3863 Caralieri,
530 3805 729 3856 Cornnrentnria
752 3805 780 3855 in
801 3807 908 3855 decreta
930 3807 955 3856 S.
978 3805 1031 3854 llil.
1055 3807 1166 3870 Conyr„
1192 3807 1323 3866 Augusta
1338 3804 1441 3851 Vinde-

314 3885 441 3944 licorum,
467 3889 541 3944 tto-l,
563 3890 583 3935 t.
606 3901 642 3946 iv,
664 3901 687 3935 c.
708 3901 748 3942 ri,
769 3887 802 3935 ad
822 3888 961 3935 decretum
984 3885 1063 3944 Vlll,
1082 3901 1108 3935 n.
1125 3891 1152 3944 1,
1171 3901 1197 3948 p.
1218 3889 1262 3937 91:
1279 3913 1307 3920 -
1323 3883 1441 3936 Giraldi,

315 3965 455 4028 Repetitio
470 3965 546 4030 juris
557 3967 644 4029 pont„
659 3981 721 4029 pure
740 3965 763 4025 l,
775 3970 840 4015 sect.
856 3981 938 4026 ncxx,
955 3983 981 4029 p.
998 3969 1056 4026 lin
1073 3991 1104 4002 -
1120 3963 1278 4026 Solimalzg..
1300 3965 1326 4011 in
1344 3963 1387 4012 tit.
1404 3962 1441 4010 ue

314 4044 437 4094 custodia
449 4045 543 4104 linoln,
560 4061 586 4094 n.
600 4053 638 4095 2³.

346 4124 451 4181 ’Quod
473 4127 612 4176 decretum
634 4127 829 4189 intorpretatur
850 4125 994 4184 (lavaturi,
1018 4125 1068 4173 loc.
1094 4124 1155 4182 cit.;
1178 4125 1230 4173 hoc
1254 4124 1335 4173 ctiam
1358 4122 1442 4171 rclert.

315 4203 432 4264 Giraldi‚
450 4207 500 4256 loc.
516 4205 562 4255 cil.
