3224 5044
315 383 350 438 94
797 383 840 433 DE
860 383 958 434 uisse

316 553 390 596 esse
410 527 689 594 consuetudinem
708 525 791 609 loci,
814 526 869 591 vel
888 526 1000 614 legem
1025 526 1242 614 synodalem,
1275 535 1451 616 quatenus

317 644 422 724 adsit3
444 642 497 707 sin
517 641 641 722 minue,
660 643 876 706 statuendam
890 663 957 706 esec
965 663 1031 727 per
1043 641 1249 727 Episcopum
1265 641 1449 727 eleemosy-

319 779 397 822 nam
416 763 656 840 competentem
674 757 750 842 ejus
774 755 951 820 arbitrio¹.
976 781 992 816 n

361 871 394 934 2⁰
406 869 599 957 Saepissime
620 870 690 954 ipsa
710 869 950 934 consuetudine
969 869 1142 934 invenitur
1161 876 1278 935 taxata
1298 869 1449 935 eleemo-

316 1007 401 1072 syna
420 983 616 1064 missarum3
639 990 720 1048 tunc
740 983 770 1048 ei
791 983 951 1048 standum
971 989 1035 1064 est,
1057 989 1096 1048 ut
1115 983 1231 1048 statim
1251 983 1448 1049 audivimus

316 1122 358 1164 ex
388 1097 422 1164 S.
455 1095 581 1185 Congr.
616 1095 722 1162 Cone.
745 1133 789 1146 -
809 1097 973 1162 Attamen
988 1097 1047 1185 jus
1072 1097 1233 1184 Episcopi
1258 1119 1329 1162 non
1349 1121 1447 1161 coar-

317 1219 428 1280 ctetur
454 1212 507 1277 his
526 1209 847 1292 consuetudinibus;
876 1210 1057 1276 concilium
1077 1211 1168 1276 enim
1187 1210 1295 1292 Trid,
1323 1211 1359 1274 in
1379 1211 1446 1274 fine

317 1327 373 1392 cit.
403 1349 432 1392 c.
458 1323 590 1400 Quanta
611 1347 710 1407 cura,
735 1324 831 1390 addit
850 1325 1047 1413 episcopum
1066 1347 1167 1412 posse
1187 1324 1265 1412 jure
1285 1347 1348 1390 suo
1372 1325 1443 1389 uti:

317 1440 434 1504 «Non
459 1438 674 1504 obstantibus
702 1437 908 1526 privilegiis,
932 1438 1223 1526 exemptionibus,
1244 1439 1446 1527 appellatio-

316 1554 416 1618 nibus
436 1575 475 1618 ae
493 1554 793 1618 consuetudinibus
812 1554 1095 1639 quibuscumque.
1123 1580 1139 1614 n
1165 1553 1275 1636 Unde,
1302 1553 1333 1618 si
1352 1561 1446 1619 taxa-

316 1676 387 1735 tam
414 1667 659 1732 consuetudine
693 1667 946 1754 eleemosynam
978 1667 1119 1732 nimiam
1141 1667 1290 1754 judicet,
1320 1667 1447 1755 poterit

317 1806 392 1850 eam
411 1783 577 1862 minuere;
601 1781 700 1864 item,
723 1781 752 1846 si
776 1780 1055 1862 insufficientem,
1078 1781 1241 1868 inspectis
1261 1782 1443 1870 temporis,

316 1897 382 1963 loci
401 1903 435 1962 et
454 1918 674 1984 personarum
694 1893 880 1981 adjunctis,
903 1901 1053 1982 reputet,
1076 1917 1200 1981 augere
1220 1918 1297 1960 eam
1315 1901 1442 1983 potest.

362 2012 395 2076 3⁰
408 2011 523 2073 Etiam
538 2008 722 2093 Reputcres
730 2009 810 2094 juri
823 2009 992 2094 Episcopi,
1007 2009 1069 2073 fiac
1084 2009 1119 2072 in
1135 2031 1182 2091 re,
1194 2009 1442 2096 subjiciuntur.

316 2122 527 2186 -Constat
552 2141 558 2188 :
594 2121 624 2185 f.
653 2121 802 2186 Concilio
837 2123 945 2205 Trici,
975 2122 1032 2188 cit.
1062 2145 1092 2186 c.
1125 2121 1258 2198 Quanta
1278 2146 1379 2204 cura,
1410 2123 1445 2186 in

316 2235 414 2323 cujus
432 2237 498 2299 fine
519 2235 693 2323 Episcopi,
716 2235 759 2300 ed
778 2236 891 2300 omnia
910 2235 1102 2324 peragenda
1126 2236 1167 2302 de
1188 2236 1312 2325 quibus
1331 2237 1446 2301 decer-

316 2349 367 2414 nit
386 2349 450 2414 hoc
470 2354 587 2436 caput,
603 2355 637 2414 et
651 2349 793 2437 proinde
811 2349 854 2414 ad
868 2349 1086 2415 statuendam
1098 2351 1294 2438 predictam
1314 2359 1443 2430 texam,

317 2463 526 2552 amplissima
552 2469 721 2550 potestate
749 2485 768 2528 e
800 2464 943 2529 concilio
975 2464 1191 2546 muniuntur,
1225 2492 1242 2526 u
1274 2466 1378 2531 etiam
1407 2473 1444 2530 ut

316 2577 460 2664 detepati
488 2576 584 2642 Sedis
611 2579 815 2664 apostoticae,
846 2607 861 2638 »
893 2586 942 2660 et,
975 2585 1014 2644 ut
1045 2579 1174 2644 dictum
1203 2585 1256 2644 est
1283 2599 1290 2644 :
1321 2607 1337 2640 n
1366 2579 1444 2644 Non

317 2691 533 2758 obstantibus
548 2693 754 2779 privitepiis,
772 2693 1058 2779 coemptionibus,
1080 2716 1118 2758 ac
1138 2692 1446 2759 consuetudinibus

317 2805 602 2894 quibuscumque,
630 2835 646 2868 n
665 2845 710 2854 -
735 2806 768 2874 2.
797 2807 968 2871 Decisione
989 2806 1026 2874 S.
1055 2807 1182 2892 Conpr.
1210 2807 1327 2890 Cone,
1350 2831 1443 2896 qum,

318 2921 359 2985 13
383 2920 456 3007 jan.
489 2921 591 3002 1639,
622 2920 830 3007 respondit:
860 2947 876 2981 «
910 2919 1171 3009 Eleemosynam
1199 2945 1261 3009 pro
1292 2921 1444 3010 qualibet

317 3034 420 3100 missa
445 3057 506 3123 per
531 3035 719 3122 Regulares
748 3033 948 3100 celebranda
977 3034 1011 3099 in
1036 3057 1154 3100 eorum
1180 3035 1333 3100 ecclesiis
1369 3057 1445 3101 esse

318 3147 501 3212 taoeandam
525 3149 669 3213 arbitrio
691 3149 866 3213 Ordinarii
878 3151 986 3235 jueta
1007 3172 1135 3214 morem
1157 3149 1342 3235 reqionis²;
1365 3177 1380 3210 n
1405 3185 1445 3198 -

318 3261 349 3327 3.
380 3260 457 3346 Ipsa
490 3263 618 3326 ratione
645 3263 817 3345 naturati,·
840 3269 879 3328 ut
903 3263 993 3328 enim
1016 3263 1063 3328 ait
1083 3263 1288 3328 Benedictus
1308 3261 1441 3330 x1v³:

319 3401 334 3436 n
358 3373 652 3454 Quemadmodum
668 3376 732 3465 ipsi
749 3376 985 3465 (Regulares),
1000 3375 1108 3442 veluti
1123 3360 1276 3442 membra
1291 3399 1444 3442 commu-

317 3488 450 3570 nitatis,
472 3489 730 3578 adstringuntur
750 3490 785 3554 in
804 3490 1034 3556 contractibus
1054 3511 1188 3556 servare
1212 3490 1443 3577 aequalitatem

317 3610 479 3672 statutam
495 3627 514 3670 a
529 3602 662 3691 legibus
681 3604 747 3670 loci
763 3603 822 3669 ubi
841 3603 981 3691 degunt,
999 3605 1046 3668 ita
1061 3610 1094 3669 et
1114 3605 1149 3669 in
1163 3604 1227 3669 hoc
1247 3604 1344 3693 quasi
1364 3627 1443 3669 con-

349 3857 357 3892 ¹
380 3857 457 3906 Hanc
480 3855 645 3906 decisionem
666 3855 749 3906 refert
770 3856 869 3904 Bened,
893 3855 963 3915 xlv,
988 3856 1026 3904 De
1045 3855 1180 3919 sacrificio
1200 3855 1299 3914 ntiasae,
1321 3871 1383 3920 pars
1402 3855 1442 3908 ff.

316 3949 342 3985 n.
361 3941 414 3996 187,
430 3951 458 3999 p.
474 3941 531 3996 2813
549 3963 578 3972 —-
593 3938 621 3986 et
634 3935 673 3985 De
687 3935 806 4001 synodo,
822 3935 868 3983 lib.
884 3935 916 3992 V,
931 3951 954 3984 c.
969 3951 1028 3996 vui,
1042 3951 1068 3984 n.
1085 3941 1122 3984 11.

347 4015 358 4050 ²
376 4017 452 4066 Hunc
471 4017 553 4066 ecfert
574 4017 736 4066 Benedictus
758 4015 830 4076 xiv,
853 4015 890 4066 De
911 4015 1045 4079 sacrificio
1071 4015 1170 4075 missae,
1192 4031 1253 4079 pnes
1275 4015 1313 4074 11,
1335 4031 1360 4064 n.
1382 4019 1441 4074 189,

337 4131 343 4144 .
362 4101 391 4144 28
410 4131 415 4143 .

316 4103 453 4234 p³Idid.,
469 4193 494 4225 n.
511 4181 564 4225 189.
