3246 5026
672 413 874 466 DOCUMENTA
1284 417 1332 470 ³51

210 567 243 619 ut
258 551 397 640 alioquin
413 560 501 634 ii,ad
518 581 596 641 quos
612 561 763 641 pertinet,
777 581 840 621 suae
856 560 1038 639 obligationi
1053 583 1115 620 nou
1132 563 1333 636 satisfaciant,

208 656 351 736 quinimo'
364 657 501 734 graviter
515 665 663 738 peccent,
680 657 763 718 etad
780 657 1009 717 restitutionem
1027 665 1199 719 teneantur.

248 753 306 829 §b
325 751 359 812 ld
375 774 450 813 vero
471 761 505 814 ut
524 753 670 834 deinceps
690 755 874 814 observetur
893 753 1048 829 exactius,
1071 755 1102 815 S.
1125 755 1334 835 Congregatio

208 849 315 908 eadem
339 850 525 914 auctoritate
548 858 674 910 revocat
696 851 873 930 privilegia,
890 859 922 910 et
941 850 1061 910 indulta
1082 852 1186 912 omnia
1208 853 1334 932 quibus-

210 945 255 1004 vis
275 945 432 1026 personis,
449 945 603 1020 ecclesiia,
616 967 652 1006 ac
666 945 742 1006 locis
758 947 833 1026 piis,
852 953 913 1006 tam
930 947 1122 1008 secularibus
1137 969 1230 1029 quam
1246 970 1334 1028 regu-

208 1041 335 1120 laribus,
352 1042 576 1123 cujuscumque
593 1042 728 1114 ordinis,
745 1043 997 1120 congregationis
1012 1051 1043 1102 et
1059 1043 1211 1118 instituti,
1228 1067 1335 1126 quam·

207 1157 340 1220 cumque
364 1139 405 1197 ob
428 1159 551 1198 eausam
577 1159 739 1211 concessa,
767 1138 881 1218 quibus
905 1138 1098 1218 indulgetur,
1122 1148 1157 1199 ut
1180 1149 1333 1202 certarum

207 1235 386 1310 missarum,
404 1236 454 1295 vel
473 1235 756 1294 anniversariorum
777 1233 1002 1311 celebratione,
1023 1243 1078 1295 aut
1097 1236 1252 1317 aliquibus
1271 1237 1334 1297 col-

208 1329 310 1404 lcctiS,
332 1352 385 1391 seu
406 1331 615 1404 orationibus,
633 1331 767 1410 plurium
789 1331 952 1392 missarum
973 1332 1121 1391 oneribus
1141 1332 1172 1390 in
1194 1333 1332 1392 futurum

207 1426 411 1507 suscipiendis
427 1427 567 1486 satisfiat.

247 1525 305 1599 §d
320 1525 365 1582 Ac
380 1523 522 1584 similiter
536 1545 629 1584 omne
641 1524 817 1584 damnabile
831 1523 951 1583 lucrum
969 1524 1007 1583 ab
1022 1521 1159 1584 Ecclesia
1174 1545 1334 1585 removere

207 1619 330 1694 volens,
356 1619 501 1700 prohibet
528 1619 698 1694 sacerdoti,
724 1619 777 1699 qui
803 1619 927 1679 missam
955 1621 1092 1701 suscepit
1116 1621 1332 1682 celebrandam

207 1735 276 1774 cum
292 1723 375 1775 certa
391 1715 599 1796 eleemosyna,
617 1737 654 1775 ne
670 1715 809 1775 camdem
826 1716 951 1776 missam
966 1717 1072 1790 altori,
1091 1725 1177 1799 parte
1193 1717 1332 1798 ejusdem

207 1811 409 1892 eleemosynae
426 1812 483 1871 sibi
500 1819 635 1886 retenta,
653 1811 871 1872 celebrandam
887 1813 1072 1872 committat.

245 1911 260 1982 ᾗ
279 1909 308 1967 7.
331 1907 499 1981 Praeterea,
523 1929 560 1967 ne
583 1909 615 1966 in
634 1908 788 1982 ecclesiis,
811 1909 976 1989 inquibus
1000 1929 1093 1968 onera
1117 1909 1280 1970 missarum
1301 1910 1332 1968 in

207 2011 391 2083 perpetuum
416 2004 561 2084 imposita
585 2012 672 2078 sunt,
695 2004 871 2064 sacerdotes
891 2005 922 2064 in
943 2005 1002 2079 εἰς,
1025 2013 1059 2065 ut
1079 2026 1134 2086 par
1153 2013 1215 2081 est,
1236 2005 1332 2066 adim-

207 2099 327 2179 plendis
342 2121 379 2160 eo
396 2100 579 2181 tepidiores,
596 2122 631 2160 ac
647 2101 806 2180 segniores
820 2101 1005 2176 reddantur,
1020 2101 1104 2183 qnod
1118 2123 1212 2162 orrcra
1226 2101 1333 2184 hujus-

207 2196 290 2255 modi
306 2216 376 2256 cum
393 2197 477 2257 nulla
493 2206 547 2256 aut
567 2217 661 2278 parva
677 2197 740 2257 sint
760 2198 894 2258 utilitate
910 2199 1099 2280 coujuncta3
1116 2199 1225 2259 statuit
1240 2206 1332 2280 atque

206 2291 361 2367 decernit,
379 2301 412 2354 ut
428 2293 582 2374 pecunim,
599 2313 635 2354 ae
651 2293 731 2354 bona
748 2293 873 2354 mobilia
894 2295 1046 2368 ecclesiis,
1063 2296 1223 2376 capitulis,
1240 2296 1333 2356 colle-

206 2389 761 2469 giis,hospitalibus,societatibus,
785 2391 1095 2470 congregationibus,
1120 2392 1330 2466 monasteriis,

206 2485 430 2560 conventibus,
447 2507 482 2545 ae
497 2486 574 2546 locis
590 2487 751 2560 omnibus,
771 2497 831 2547 tam
848 2487 1054 2562 secularibus,
1072 2510 1164 2569 quam
1185 2489 1332 2568 regulari-

207 2581 279 2656 bus,
301 2591 395 2662 atque
417 2582 541 2642 illorum
562 2583 704 2662 personis
725 2584 756 2642 in
780 2584 919 2643 futurum
940 2584 1122 2665 simpliciter
1143 2584 1331 2666 acquirenda

207 2698 276 2737 cum
299 2699 394 2740 onere
417 2687 568 2759 perpetuo
591 2679 755 2738 missarum
777 2677 1049 2751 celebrandarum,
1067 2679 1106 2738 ab
1125 2682 1177 2754 iis,
1195 2681 1232 2740 ad
1254 2701 1332 2760 qnos

207 2773 358 2854 pertinet,
382 2775 440 2834 sub
465 2794 555 2855 poena
582 2775 738 2834 interdicti
763 2775 801 2834 ab
826 2777 968 2854 ingressu
993 2775 1130 2835 ecclesiae
1155 2777 1224 2855 ipso
1250 2777 1331 2836 lacto

207 2870 394 2930 incurrenda
423 2893 439 2931 a
466 2870 516 2930 die
547 2871 636 2931 realis
662 2871 890 2952 acquisitionis,
922 2871 1026 2930 statim
1055 2870 1169 2951 deponi
1198 2871 1332 2932 debeant

207 2987 301 3047 penes
325 2967 422 3026 aedem
448 2989 584 3044 sacram,
610 2967 658 3026 vel
682 2987 846 3047 personam
874 2967 949 3040 lide,
975 2989 1011 3026 ac
1039 2967 1239 3028 facultatibus
1266 2967 1332 3026 ido·

208 3083 312 3136 neam,
340 3062 378 3122 ad
406 3064 549 3123 ellectum
580 3063 648 3138 illa,
675 3084 728 3121 seu
755 3064 878 3122 illorum
904 3064 1054 3144 pretium,
1081 3084 1172 3145 qnam
1198 3065 1330 3145 primum

206 3158 393 3220 investiendi
418 3160 448 3217 in
475 3159 564 3217 bonis
589 3159 800 3218 immobilibus
827 3159 1011 3233 lructil'cris,
1036 3181 1107 3219 cnm
1133 3182 1276 3240 expressa
1302 3167 1333 3220 et

207 3255 366 3315 individua
388 3255 546 3315 mentione
566 3256 684 3329 oneris,
702 3257 785 3336 qnod
806 3255 867 3315 illis
887 3277 1043 3316 annexum
1065 3257 1229 3338 reperitur.
1248 3258 1292 3316 Ac
1307 3258 1331 3316 si

207 3351 313 3412 eadem
339 3352 419 3412 bona
444 3351 614 3412 immobilia
637 3353 822 3412 auctoritate
844 3353 1014 3433 apostolica
1038 3353 1183 3434 deinceps
1205 3354 1332 3413 alienari

207 3449 389 3528 contigerit,
417 3449 598 3509 eorumdem
628 3450 779 3530 pretium,
805 3451 863 3508 sub
890 3449 997 3510 eadem
1026 3471 1133 3530 poena,
1160 3459 1194 3509 ut
1222 3471 1330 3530 supra,

207 3546 321 3626 deponi
342 3553 434 3627 atque
459 3547 488 3604 in
513 3547 580 3606 aliis
604 3547 693 3606 bonis
716 3547 895 3622 stabilibus,
919 3547 1026 3606 itidem
1050 3545 1234 3622 fructiferis,
1261 3566 1331 3604 cum

208 3642 346 3722 ejusdem
371 3643 475 3702 oneris
500 3643 700 3723 repetitione,
726 3651 819 3724 atque
843 3643 1017 3702 anrrexione
1041 3643 1182 3701 converti
1207 3641 1329 3702 debeat.

207 3737 255 3798 Ad
270 3739 352 3812 haic,
369 3739 401 3799 S.
419 3739 455 3799 C.
472 3741 634 3819 quibusvis
650 3739 809 3822 capitulis,
826 3737 979 3815 collegiis,
997 3737 1199 3798 societatibus
1214 3746 1244 3798 et
1259 3759 1332 3797 con·

207 3835 452 3914 gregationibus,
467 3856 586 3896 necnon
601 3837 746 3896 omnibus
759 3845 790 3896 et
803 3835 933 3914 singulis
946 3834 1145 3895 ecclesiarum
1161 3856 1196 3895 ac
1209 3836 1331 3916 piorum

208 3931 364 4006 locorum,
392 3939 454 3992 tam
478 3932 663 3994 secularium
693 3953 784 4014 quam
814 3932 1003 4012 regularium
1028 3931 1256 4012 superioribuS,
1282 3931 1331 3990 vel

208 4027 291 4101 aliie,
308 4027 346 4088 ad
362 4049 441 4109 quos
456 4030 607 4109 pertinet,
624 4030 763 4089 districte
779 4029 939 4109 prohibet,
957 4048 994 4087 nc
1010 4029 1040 4086 in
1058 4035 1217 4107 posterum
1238 4047 1330 4086 onera

209 4133 356 4204 perpetua
373 4125 545 4206 suscipiant
560 4127 721 4186 missarum
738 4125 994 4184 celebrandarum
1011 4141 1018 4183 τ
1036 4123 1190 4184 seculares
1205 4122 1330 4204 quidem

144 4243 146 4250 ·
209 4220 275 4279 sine
295 4221 457 4302 Episcopi,
484 4223 531 4282 vel
558 4223 626 4304 ejus
654 4223 806 4300 generalis
836 4221 960 4293 vicarii;
988 4219 1143 4298 regulares
1166 4241 1240 4280 vero
1265 4219 1331 4279 sine
