3246 5026
292 527 344 580 344
595 529 637 578 DE
657 527 873 580 sancrissmo
893 527 1113 578 SACRAMENTO

291 680 404 760 potest
422 672 509 738 hanc
528 695 602 737 esse
623 673 828 738 sententiam
847 669 1056 760 probabilem
1071 680 1216 757 propter
1234 672 1419 736 auctorita-

293 795 358 850 tem
378 808 496 852 eorum
516 788 714 870 doctorum‚·
737 814 752 847 υ
774 791 853 850 sunt
872 784 976 850 verba
995 785 1037 850 de
1056 785 1163 872 Lugo.

337 1038 432 1108 180.
448 1077 492 1088 ·-
507 1040 543 1103 40
557 1039 701 1104 Sacrum
715 1039 911 1124 faciendum
927 1061 966 1102 nc
981 1037 1131 1124 populus
1146 1038 1199 1101 die
1213 1041 1300 1122 festo
1317 1037 1420 1102 musa

291 1159 414 1220 careat.
437 1191 480 1202 —
500 1153 669 1234 Quaeritur
693 1176 774 1217 num
799 1153 900 1218 liceat
924 1151 1091 1217 sacerdoti
1116 1173 1184 1216 non
1204 1150 1340 1238 jejuno,
1363 1151 1420 1215 die

292 1267 461 1333 dominico
493 1268 549 1334 vel
572 1267 712 1349 festivo,
743 1266 914 1332 celebrare
938 1267 1095 1348 missam,
1122 1289 1165 1330 ne
1189 1266 1335 1354 populus
1360 1267 1422 1354 qui

292 1383 334 1448 ad
353 1382 531 1448 ecclesiam
551 1381 706 1464 confluit,
728 1383 833 1468 missa
853 1389 978 1447 careat.
1002 1381 1132 1446 Porro:
1156 1380 1186 1444 1.
1210 1379 1278 1446 Ista
1297 1403 1417 1464 causa,

292 1519 429 1584 nempe,
450 1519 493 1561 ne
512 1496 572 1561 tali
592 1496 645 1561 die
665 1496 812 1584 populus
832 1495 935 1561 missa
955 1503 1094 1577 careat,
1103 1517 1167 1580 per
1185 1517 1219 1559 sc
1238 1517 1305 1560 non
1326 1493 1422 1559 suffi-

292 1611 338 1676 cit
362 1616 401 1674 ut
426 1617 537 1674 cesset
561 1633 622 1698 pro
650 1610 823 1675 sacerdote
850 1609 905 1674 lex
928 1609 1049 1698 jejunii
1076 1615 1110 1674 ct
1141 1607 1282 1696 proinde
1310 1609 1421 1696 possit

291 1722 486 1790 celebrare:
509 1724 600 1812 quod
620 1730 754 1820 constat
773 1747 791 1789 a
810 1723 941 1788 fortiori
961 1747 1003 1788 ex
1022 1746 1122 1812 supra
1144 1723 1259 1803 dictis;
1281 1722 1316 1786 in
1336 1746 1418 1811 quo,

292 1845 448 1926 utputo,
471 1861 588 1904 omnes
612 1839 835 1918 concordant;
858 1877 901 1887 —
920 1837 952 1903 2.
976 1837 1011 1912 Si
1035 1843 1150 1903 autem
1171 1835 1280 1925 (quod
1303 1844 1420 1902 tamen

292 1953 349 2017 vix
374 1953 569 2040 contingere
592 1976 692 2042 posse
716 1952 933 2040 crediderim)
954 1975 996 2016 ex
1019 1951 1084 2016 ista
1104 1951 1286 2015 omissione
1306 1951 1421 2015 missa}

293 2067 420 2132 oriatur
439 2091 542 2152 grave
566 2067 752 2154 periculum
772 2065 923 2132 scandali
943 2065 999 2132 vel
1022 2063 1184 2146 infamiae,
1207 2063 1298 2152 quod
1321 2063 1422 2129 aliter

292 2179 391 2244 vitari
416 2189 578 2268 nequeat,
607 2204 674 2245 non
700 2189 752 2246 est
775 2179 915 2246 dubium
938 2180 1148 2246 sacerdotem
1173 2201 1289 2266 posse,
1317 2179 1420 2243 etiam

292 2315 360 2357 non
370 2293 543 2380 jejunum,
562 2293 747 2376 celebrare;
766 2295 889 2360 docent
903 2294 993 2360 enim
1009 2294 1234 2359 communiter
1248 2293 1419 2372 doctores,

293 2415 325 2472 et
345 2389 492 2472 naturali
515 2407 645 2473 ratione
669 2416 779 2497 patet,
806 2409 892 2474 hanc
916 2431 1052 2474 causam
1074 2409 1226 2473 sufficere
1246 2415 1285 2472 ut
1308 2429 1421 2472 sacer-

293 2521 354 2586 dos
376 2544 444 2586 non
466 2522 605 2610 jejunus
625 2522 810 2602 celebret¹;
833 2530 867 2589 et
890 2524 965 2587 ideo
986 2546 1086 2610 supra
1104 2523 1151 2610 (n.
1176 2521 1269 2608 177)
1290 2521 1421 2587 dictum

294 2643 361 2716 est,
383 2637 595 2702 sacerdotem
614 2637 688 2724 qui,
711 2637 813 2702 etiam
839 2645 917 2704 ante
936 2637 1243 2715 consecrationem,
1265 2635 1423 2701 recorde-

293 2757 349 2816 tur
379 2747 433 2816 se'
455 2774 524 2816 non
557 2774 631 2816 esse
660 2751 831 2839 jejunum,
863 2774 963 2839 posse
994 2773 1151 2838 pergere,
1184 2751 1212 2815 si
1243 2772 1284 2814 ex
1313 2749 1422 2837 ipsius

294 2889 428 2931 recessu
449 2867 577 2932 oriatur
600 2865 789 2954 periculum
809 2865 955 2930 infamiae
974 2865 1030 2930 vel
1050 2865 1213 2930 scandali.

341 3111 488 3180 181.-
501 3113 536 3177 5⁰
548 3113 652 3176 Sacra
665 3111 883 3176 Eucharistiae
898 3135 917 3176 a
927 3112 1230 3196 profanationibus
1243 3111 1420 3176 servande.

294 3225 499 3303 -Quoties
523 3225 710 3313 periculum
735 3233 849 3291 estne
873 3247 967 3290 sacra
988 3224 1199 3290 Eucharistia
1218 3223 1424 3313 profanatio-

295 3336 395 3400 nibus
410 3336 554 3402 0bnoxia
574 3339 634 3422 sit,
652 3363 685 3405 v.
707 3363 756 3426 g.,
774 3363 816 3405 ne
832 3339 1059 3421 comburatur,
1082 3361 1124 3403 ne
1139 3339 1237 3404 cadat
1251 3337 1285 3402 in
1301 3361 1424 3402 manus

295 3449 514 3516 barbarorum
557 3459 591 3518 et
632 3453 813 3542 impiorum
850 3453 1043 3535 hominum,
1087 3477 1129 3517 ne
1171 3451 1367 3518 comedatur
1404 3476 1425 3518 a

296 3564 408 3653 bruto,
430 3573 509 3650 etc,
532 3575 612 3650 etc,
634 3576 715 3634 tunc
735 3592 801 3633 non
822 3575 921 3657 urget
941 3569 996 3633 lex
1011 3567 1143 3656 jejunii,
1166 3567 1211 3633 ita
1235 3575 1274 3632 ut
1293 3567 1323 3630 si
1342 3566 1423 3634 defi-

296 3681 386 3746 ciant
400 3681 525 3770 jejuni,
548 3682 705 3748 sacerdos
729 3688 787 3748 aut
811 3682 929 3765 etiam,
951 3682 1128 3748 deficiente
1148 3665 1338 3761 sacerdote,
1360 3680 1424 3745 lai-

296 3817 355 3860 cus
371 3819 437 3860 non
448 3797 587 3885 jejunus
601 3798 710 3885 possit
728 3805 858 3862 sacram
874 3795 1120 3862 Eucharistiam
1135 3818 1279 3877 sumere,
1294 3801 1333 3860 ut
1348 3817 1424 3860 eam

296 3909 417 3998 eripiat
436 3933 454 3975 a
474 3910 776 3998 profanationibus.
799 3911 886 3976 Cum
907 3911 997 3976 enim
1017 3911 1072 3976 lex
1087 3909 1209 3999 jejunii
1229 3909 1297 3974 lata
1317 3909 1362 3974 sit
1381 3909 1425 3974 ad

284 4005 519 4090 'reverentiam
539 4025 758 4106 sacramenti,
776 4033 887 4090 cessat
901 4025 1037 4114 quando
1057 4025 1128 4090 haec
1147 4025 1220 4113 ipsa
1235 4021 1424 4088 reverentia

328 4259 336 4292 ¹
353 4229 394 4306 n'a
414 4257 525 4317 Saurea,
547 4259 595 4308 loc.
612 4259 672 4318 cit,
694 4274 720 4308 n.
737 4265 765 4319 7,
781 4274 808 4323 p.
825 4264 882 4320 5¹73
900 4286 927 4295 -
946 4260 979 4308 dc
995 4259 1081 4322 Lugo,
1100 4257 1149 4307 loc.
1166 4257 1225 4316 cin,
1243 4273 1268 4306 n.
1286 4261 1377 4316 70-713
1393 4281 1426 4291 -

296 4335 322 4384 S.
337 4337 429 4398 Alph,
446 4353 472 4388 n.
489 4343 541 4387 287.
