3224 5044
310 487 362 544 tot
566 485 570 492 '
619 487 620 490 ’
719 483 720 488 ’
790 486 834 537 DE
854 485 952 538 Mtssn

309 659 328 702 a
355 634 475 715 missa,
501 655 520 698 a
548 653 763 720 quacumque
789 627 1085 698 misse'abstinere
1116 629 1232 710 debet,
1259 639 1298 694 ut
1327 637 1436 718 patet.

307 748 417 828 Unde,
435 745 553 812 diebus
573 745 674 812 licitae
694 745 891 826 vacationis,
909 744 1106 833 capellanus
1126 766 1194 808 non
1213 750 1330 832 polest
1349 743 1440 810 cele-

307 861 404 928 brare
423 884 484 950 pro
504 883 539 926 se
559 867 618 926 aut
638 860 725 941 suiS,
748 859 856 926 multo
876 859 988 923 minus
1012 881 1073 947 pro
1093 865 1228 946 recepto
1248 859 1435 946 stipendio,

307 974 472 1064 quidquid
486 975 646 1041 dixerunt
665 973 781 1062 aliqui.
799 973 835 1038 Si
851 995 933 1060 ergo
949 971 1111 1053 celebret,
1129 971 1277 1038 celebret
1295 995 1439 1038 necesse

307 1095 360 1156 est
379 1089 421 1156 ad
440 1088 663 1155 intentionem
683 1087 882 1153 fundatoris.
922 1153 926 1160 ,

502 1500 521 1572 ἓ
540 1502 573 1558 2.
595 1502 648 1559 Dc
668 1499 921 1573 applicatione
940 1497 1068 1558 mlssoe
1088 1500 1237 1559 ratione

416 1590 418 1594 ’
698 1605 799 1650 curce
817 1591 1044 1650 animarum.

350 1869 419 1940 87.
439 1907 482 1920 -
502 1866 701 1955 obligatio
720 1866 950 1956 applicandi
968 1868 1132 1938 missam
1152 1870 1306 1940 ratione
1326 1891 1438 1942 curae

305 1985 549 2068 animarum
573 1982 698 2054 missa
718 1999 791 2068 pro
810 1979 971 2069 populo.

351 2109 384 2170 l⁰
409 2104 513 2172 Cone.
541 2103 647 2184 Trid„
674 2125 703 2169 c.
732 2103 819 2168 Cum
844 2112 1024 2190 precepto,
1048 2104 1083 2188 l,
1110 2129 1194 2172 sess.
1226 2105 1358 2183 XXIII,
1383 2109 1436 2174 Du

306 2239 395 2298 nnn,
416 2218 463 2282 uit
486 2237 493 2286 :
521 2243 537 2278 n
566 2216 653 2282 Cum
667 2226 837 2304 precepto
855 2218 967 2284 diuino
986 2219 1186 2286 mandatum
1206 2221 1251 2286 sit
1270 2223 1436 2288 omnibus

303 2331 429 2419 quihus
443 2330 638 2395 animarum
658 2353 739 2395 cure
758 2332 935 2397 commisse
954 2340 1020 2416 est,
1038 2356 1120 2398 oves
1139 2356 1218 2399 suas
1232 2357 1432 2422 agnoscere,

299 2466 365 2531 pro
391 2444 443 2508 his
461 2443 668 2528 sacrificium
693 2449 832 2529 offerre,
854 2451 919 2511 etc.
945 2473 961 2507 n
992 2447 1065 2512 Hoc
1090 2455 1203 2513 autem
1222 2458 1434 2537 praeceptum

302 2557 474 2624 invenitur
488 2557 523 2622 in
539 2564 656 2622 sancto
668 2558 786 2641 Paulo,
801 2557 962 2641 Heb1·.‚v‚
977 2559 1053 2626 1-3:
1070 2587 1086 2622 n
1103 2560 1223 2626 Omnis
1232 2562 1432 2650 pontifex...

303 2671 521 2740 constituitur
539 2671 575 2736 in
599 2671 641 2736 iis
666 2695 741 2759 quae
765 2673 911 2737 suntad
936 2673 1061 2753 Deum,
1086 2683 1123 2738 ut
1148 2679 1271 2760 offeret
1291 2677 1381 2742 dona
1400 2688 1434 2743 et

301 2787 466 2871 sacrificio
490 2807 556 2872 pro
579 2786 781 2871 peccoti3...‚
805 2793 839 2850 et
864 2794 1040 2874 propterea
1068 2786 1184 2870 debet,
1212 2791 1434 2878 quemadmo-

303 2900 385 2967 dum
404 2921 472 2986 pro
494 2899 640 2986 populo,
667 2899 714 2963 ita
738 2899 840 2963 etiam
865 2907 900 2965 et
927 2923 988 2988 pro
1013 2903 1196 2990 semetipso
1220 2905 1340 2970 ollerre
1370 2929 1434 2994 pro

302 3014 462 3104 peccetis.
488 3041 503 3073 υ
527 3013 616 3099 Ergo
631 3034 749 3077 omncs
769 3012 827 3100 qui
842 3035 957 3078 curam
976 3020 1099 3101 gerunt
1117 3016 1325 3100 animarum,
1342 3043 1435 3105 pre-

303 3136 414 3214 cepto,
442 3133 477 3192 et
503 3125 641 3214 quidem
669 3127 798 3210 (livine,
820 3133 980 3192 tenentur
1005 3127 1144 3194 missam
1176 3133 1344 3221 applicare
1369 3159 1435 3223 pro

303 3239 425 3306 ovibus
462 3238 527 3304 sibi
559 3239 767 3320 commissis3
808 3263 882 3328 quae
920 3240 1024 3305 missa
1066 3241 1189 3309 dicitur
1225 3245 1329 3312 missa
1362 3271 1435 3334 pro

298 3353 440 3441 populo.

349 3465 382 3532 2ο
402 3465 538 3554 Duplici
568 3466 669 3530 modo
696 3489 817 3554 gerens
843 3490 958 3535 curam
991 3469 1180 3536 animarum
1205 3473 1294 3538 affici
1317 3482 1433 3562 potest

302 3581 362 3648 illo
388 3585 557 3671 pnaecepto
586 3577 719 3660 divino,
751 3603 872 3670 nempe
900 3581 956 3647 vel
976 3583 1167 3650 immediate
1197 3593 1232 3652 et
1262 3588 1430 3672 absolute,

303 3695 359 3761 vel
389 3695 531 3760 mediate
559 3699 694 3759 tantum
724 3701 759 3760 et
790 3695 1015 3782 hypothetice.
1047 3697 1237 3789 Episcopus
1269 3701 1332 3766 hoc
1352 3702 1432 3789 jure

304 3807 419 3875 diuino
454 3808 647 3873 immediate
682 3814 717 3873 et
753 3809 906 3876 absolute
943 3817 1078 3876 tenetur
1110 3813 1154 3878 ad
1190 3815 1329 3879 missam
1362 3839 1432 3902 pro

299 3923 428 4012 populo
437 3941 453 4006 ‚·
477 3945 556 3988 nam
583 3945 625 3987 ex
652 3944 720 3988 una
738 3929 850 4011 parte,
872 3929 911 3987 ut
939 3921 1068 3988 dictum
1099 3932 1168 4006 est,
1190 3951 1279 3993 curae
1302 3929 1433 3995 anima-

303 4060 379 4104 rum
402 4059 574 4104 annexum
601 4043 669 4118 est,
690 4037 767 4126 jure
791 4036 924 4118 divino,
946 4059 1031 4104 onus
1059 4039 1170 4106 missae
1190 4065 1257 4128 pro
1276 4045 1408 4130 populo
1419 4065 1435 4120 ‚·

303 4173 344 4214 ex
369 4149 474 4216 altera
498 4158 612 4217 autem
639 4159 751 4238 parte,
780 4150 935 4236 officium
960 4151 1144 4240 episcopale
1167 4177 1228 4224 seu
1253 4179 1336 4223 curn
1360 4161 1431 4244 epi-

301 4262 444 4348 scopalis
480 4264 676 4330 animorum
708 4261 863 4330 instituto
897 4269 950 4328 est
977 4265 1053 4352 jure
1091 4266 1228 4348 divin0;
1269 4279 1307 4336 ut
1340 4272 1430 4338 enim
