3246 5026
607 489 810 540 DOCUMENTA
1218 491 1270 544 aaa

142 635 273 708 debeat,
298 653 354 694 nec
377 633 464 694 vanis
486 632 613 694 omnino
635 641 791 694 rectorum
813 633 1015 715 querimoniis
1037 635 1196 710 imminui,
1220 637 1270 696 vel

143 730 337 790 labefactari.

187 827 334 896 Quamvis
355 826 496 886 nonnulli
517 847 554 886 ex
575 826 730 906 theologis
755 825 923 886 moralibus
943 828 1136 908 (etquidem
1158 829 1272 890 scimus

144 924 363 1002 indulgenter)
386 922 490 1003 plures
514 923 651 983 rationes
672 931 704 982 et
725 943 833 982 causas
852 924 1114 1003 excogitaverint,
1136 926 1176 986 oh
1194 947 1272 1007 quas

145 1019 292 1080 sacerdos
311 1019 420 1080 eodem
437 1019 486 1079 die
506 1018 690 1080 sacrificium
707 1019 808 1080 missae
824 1019 871 1079 his
885 1021 996 1080 otlcrre
1011 1041 1101 1101 posse
1118 1023 1272 1102 videatur,

145 1115 411 1197 quemadmodum
445 1115 535 1175 facile
568 1115 667 1174 videri
701 1121 803 1195 potest
832 1121 911 1195 part.
940 1114 983 1175 lll
1008 1116 1146 1177 Summae
1175 1119 1273 1180 sancti

147 1212 317 1284 Antonini,
340 1213 388 1274 tit.
404 1232 451 1284 ιιι,
473 1233 541 1292 cap.
558 1233 601 1286 ιι,
619 1231 704 1271 ιιιιιιι.
722 1212 756 1284 5,
777 1211 851 1270 item
872 1211 925 1272 lib.
944 1211 989 1269 Ill
1013 1211 1150 1273 Summae
1175 1217 1273 1275 sancti

148 1307 344 1388 Raymundi,
361 1308 408 1367 tit.
430 1327 510 1381 xxiv,
528 1315 559 1366 et
578 1307 610 1366 in
630 1305 761 1367 Summa
783 1307 974 1380 Hostiensis,
995 1307 1033 1366 ad
1055 1308 1103 1369 tit.
1127 1309 1172 1370 De
1195 1311 1274 1370 celc-

147 1402 294 1464 bratione
314 1402 498 1475 missarum,
521 1423 606 1462 num.
627 1402 662 1460 tt
687 1425 747 1484 sq,
768 1410 800 1464 et
823 1403 853 1461 in
872 1402 1004 1464 Summa
1023 1403 1222 1484 Sytceatrina
1242 1405 1274 1465 in
1313 1417 1317 1424 '

148 1500 236 1560 verb.
259 1498 355 1558 missa
372 1498 495 1580 primo,
516 1502 530 1574 ᾗ
549 1497 681 1578 septimo
701 1497 867 1580 qiraeritur,
887 1506 919 1558 et
938 1499 969 1558 in
985 1497 1116 1560 Samma
1136 1502 1274 1561 Armillae

148 1598 181 1655 in
201 1595 288 1657 verb.
306 1593 417 1670 missa,
439 1616 470 1654 n.
492 1595 544 1668 15;
566 1594 596 1652 id
620 1602 723 1653 tamen
746 1594 885 1654 unanimi
908 1615 1061 1655 consensu
1084 1598 1276 1677 permittitur

148 1691 319 1764 sacerdoti,
342 1691 394 1772 qui
417 1689 495 1750 duas
517 1690 679 1770 parochias
699 1689 855 1763 obtineat,
878 1691 926 1749 vel
945 1690 1024 1751 duos
1044 1692 1176 1772 populos
1197 1693 1275 1754 adeo

148 1789 324 1870 sejunctos,
347 1795 381 1846 ut
402 1786 480 1847 alter
501 1786 639 1866 ipsorum
663 1785 800 1866 parocho
822 1786 991 1846 celebranti
1014 1807 1069 1866 per
1089 1788 1155 1847 dies
1180 1789 1276 1848 lestos

149 1885 258 1946 adesse
286 1883 371 1944 nullo
398 1883 492 1943 modo
518 1882 632 1962 possit,
658 1882 698 1940 ob
722 1882 861 1940 locorum
886 1882 1051 1942 maximam
1076 1883 1274 1960 distantiam3

151 1989 226 2040 tunc
250 1980 332 2040 enim
356 1979 474 2060 absque
498 1977 559 2038 ulla
584 1977 780 2038 dubitatione
803 1977 895 2036 licere
920 1978 1099 2038 existimant
1123 1979 1276 2060 ejusmodi

149 2077 279 2146 rectori,
297 2096 367 2135 cum
384 2075 453 2134 testi
469 2075 535 2134 dies
550 2073 708 2148 incidunt,
725 2073 772 2133 bis
788 2094 908 2134 sacrum
924 2074 1092 2148 conticere,
1110 2083 1145 2135 ut
1159 2076 1277 2157 populo

151 2173 276 2252 utrique
292 2171 472 2231 satisfaciat.
489 2171 527 2229 Et
540 2169 668 2244 Suarez,
684 2167 721 2230 Ιιι
736 2167 789 2229 ΙΙΙ
800 2176 887 2250 part.
901 2169 969 2228 dici
985 2169 1121 2249 Thomas,
1137 2180 1213 2234 tom.
1228 2193 1275 2247 ιιι,

150 2276 262 2351 quaest.
285 2289 386 2340 axxnr,
404 2275 462 2328 art.
486 2271 519 2340 2,
533 2267 650 2347 disput.
669 2266 796 2338 LXXX,
819 2273 895 2327 sect.
913 2287 960 2340 ιιι,
976 2267 1015 2326 de
1031 2267 1089 2328 hac
1111 2268 1277 2350 hypothesi

153 2365 300 2446 loquens,
322 2363 423 2444 inquit
448 2363 479 2422 in
500 2384 534 2422 ea
556 2369 676 2422 tantum
698 2362 790 2422 hodie
813 2363 905 2421 licere
932 2361 1009 2422 duas
1036 2364 1144 2424 missas
1168 2365 1277 2425 eodem

150 2461 202 2521 die
217 2461 372 2521 celebrare
387 2477 394 2519 ε
413 2457 513 2519 Casus
528 2457 566 2519 de
576 2456 729 2538 pluribus
739 2456 904 2538 parochiis
919 2459 1142 2540 adproprias,
1161 2481 1197 2520 ac
1211 2460 1279 2541 [ere

152 2557 238 2617 sotira
253 2556 287 2616 in
303 2577 371 2616 usar.
389 2559 432 2615 Αι
448 2575 521 2614 vcro
537 2555 561 2613 si
573 2555 604 2612 in
615 2554 712 2613 altera
729 2573 766 2612 ex
778 2553 825 2611 his
841 2553 996 2632 parochiis
1009 2557 1152 2616 sacerdos
1167 2557 1280 2638 aliquis

153 2652 416 2734 deprehendatur,
441 2651 494 2732 qui
523 2671 588 2710 rem
618 2649 757 2708 divinam
786 2649 888 2710 lacere
917 2651 1030 2729 possit,
1060 2658 1126 2710 tum
1155 2653 1279 2713 illarum

153 2749 266 2809 rectori
286 2767 482 2828 nequaquam
503 2747 576 2806 licet
594 2746 627 2804 in
647 2752 780 2826 utroque
799 2745 869 2804 loco
890 2745 1073 2804 sacrificium
1093 2747 1221 2822 iterare,
1242 2770 1279 2808 eo

153 2845 243 2927 quod,
252 2844 380 2904 alterius
393 2842 564 2904 sacerdotis
576 2862 670 2923 opera
684 2841 793 2922 populi
807 2841 984 2900 necessitati
998 2841 1072 2902 satis
1085 2844 1277 2905 consulatur.

126 2973 134 2988 ι
156 2944 199 3003 lta
216 2941 351 3022 probant
366 2940 538 3016 unanimes,
555 2937 771 3019 Pasqualigus,
789 2937 835 2998 De
850 2935 1008 3018 sacrificio
1024 2936 1141 3016 arisae,
1160 2947 1235 3001 tom.
1253 2963 1278 3012 ι,

153 3045 264 3120 quaest.
286 3057 442 3110 ccccxxxi,
469 3057 500 3096 n.
522 3039 558 3109 ’2,
579 3033 769 3108 Vericellus,
791 3033 837 3093 De
856 3032 1038 3114 apostolicis
1057 3033 1277 3124 nu'ssiouibus,

156 3135 203 3194 tit.
228 3156 252 3205 1,
278 3133 323 3193 Ile
339 3130 522 3214 pricileqiia
545 3129 757 3212 repertorium,
782 3129 857 3190 dub.
880 3150 966 3203 xvni,
988 3135 1002 3204 ξ
1022 3130 1076 3204 31,
1101 3151 1186 3192 ιιιιιιι.
1203 3135 1279 3208 aet,

156 3225 655 3302 Giribaldu5,1lesacramentis,
676 3233 765 3285 tract.
785 3225 846 3299 lll,
868 3246 937 3307 cap.
955 3247 1011 3300 vn,
1028 3225 1103 3289 dub.
1121 3249 1155 3302 ιι,
1174 3250 1204 3288 n.
1225 3229 1280 3302 153

156 3326 318 3398 Bolanus,
342 3325 373 3383 in
401 3321 572 3404 Theoloqia
595 3321 711 3382 morali
732 3321 946 3404 repulerim,
973 3330 1048 3384 tom.
1073 3346 1101 3398 v,
1128 3333 1222 3406 caput
1245 3347 1279 3400 11,

156 3429 262 3504 punct.
287 3443 332 3495 ιιι,
356 3442 386 3481 n.
408 3419 445 3493 5;
469 3417 671 3498 Tournelius‚
696 3419 727 3478 in
750 3417 1014 3478 Praelectionibus
1038 3419 1222 3502 theoloqicis
1244 3421 1282 3482 dc

155 3523 350 3579 sacramento
366 3513 593 3592 Eucharistiae,
611 3521 690 3595 part.
709 3515 755 3586 ll,
768 3515 860 3594 juxta
877 3513 1082 3574 Parisiensem
1099 3515 1279 3592 editionem,

157 3637 185 3695 p.
204 3613 280 3688 3463
297 3609 631 3689 Schmalagrueberius,
645 3610 692 3670 tit.
705 3610 752 3669 Ile
764 3607 976 3669 celebratione
991 3609 1170 3688 nu'aaarnm,
1185 3633 1215 3673 n.
1231 3613 1280 3673 41.

157 3709 244 3779 Quod
265 3710 289 3768 si
312 3709 478 3788 scriptores
500 3707 551 3766 isti
573 3713 691 3766 vestras
712 3705 743 3764 in
766 3726 877 3764 manus
901 3706 1041 3766 nondum
1064 3709 1281 3788 pervenerint,

157 3806 285 3865 aliorum
313 3803 499 3864 testimoniis
523 3822 588 3862 rem
615 3802 706 3882 plane
733 3801 944 3881 cognoscetis,
977 3823 1087 3883 nempe
1116 3803 1282 3866 cardinalis

157 3901 336 3974 Zabarellae,
359 3901 389 3959 in
405 3920 473 3980 cap.
492 3897 667 3972 Consultis,
690 3919 721 3958 n.
743 3898 777 3971 3,
800 3897 845 3957 Ile
863 3895 1074 3958 celebratione
1094 3899 1279 3980 missarum,

158 3999 208 4058 ubi
229 3997 295 4058 hacc
315 3997 469 4057 habentur
484 4013 490 4054 :
508 3993 546 4054 Si
563 4002 608 4054 eet
627 3993 711 4054 aliua
730 3993 787 4076 qni
805 3993 966 4054 celebrare
980 3993 1097 4076 possit,
1120 4017 1180 4056 raon
1203 3997 1283 4059 cele-

159 4093 263 4154 brabit
277 4092 423 4154 aacerdoa
441 4091 507 4152 alia
527 4090 606 4166 eice,
628 4089 796 4150 dnmmodo
817 4089 872 4150 ille
891 4089 975 4150 aliur
994 4090 1035 4150 sit
1049 4099 1184 4172 paratas
1200 4095 1280 4154 cele·

159 4190 265 4256 brarc.
282 4197 311 4250 ct
330 4187 372 4249 ait
384 4187 542 4270 jejunus,
557 4186 641 4247 Petri
662 4187 700 4246 de
714 4185 917 4258 Ancharano,
935 4187 965 4246 in
982 4187 1226 4250 Commentariis
1240 4191 1283 4252 ad

158 4283 297 4345 conulem
316 4293 432 4344 textrrm
442 4331 449 4361 ‚
469 4305 498 4344 n.
520 4287 530 4341 l
550 4301 557 4342 t
575 4281 739 4364 Intellipe‚
756 4281 785 4342 si
800 4303 860 4342 ιιοιι
877 4282 918 4342 ait
933 4283 1016 4344 alitis
1033 4282 1082 4344 ibi
1089 4293 1225 4365 paratus
1239 4287 1282 4348 acl

248 4415 333 4450 atissa.
1103 4397 1138 4450 ‘24
