3246 5026
307 476 359 529 382
791 475 835 525 DE
854 473 955 526 iussn

307 621 396 694 dino,
413 621 486 681 dum
507 621 608 701 ipsum
624 619 788 679 Secretarii
808 637 923 677 munus
943 617 1060 694 obiret,
1077 624 1108 677 et
1127 617 1166 677 de
1186 617 1320 698 quadam
1340 641 1435 680 causa

309 715 448 777 Oriolen.
473 723 594 795 ageret,
620 715 659 774 de
684 735 745 803 qua
771 722 847 775 tom.
870 736 898 790 r,
924 713 1064 794 ejusdem
1088 713 1253 790 Theseum,
1276 736 1346 796 pag.
1374 716 1437 776 384

307 835 353 894 sq.
371 812 450 870 Vin
465 812 518 894 qui
540 811 692 890 dignitate
712 817 744 870 et
763 810 942 890 praestantia
963 831 1056 890 supra
1085 818 1215 871 caeteros
1237 813 1435 884 eminebant,

306 908 434 968 summis
451 907 656 967 Pontificibus
670 906 844 966 humillime
860 906 1086 987 supplicarunt,
1101 928 1164 966 non
1180 915 1214 967 ut
1227 908 1351 989 quidem
1367 930 1435 968 rem

307 1025 420 1064 novam
441 1005 673 1085 permitterent,
696 1003 748 1062 sed
769 1009 805 1063 ut
825 1009 946 1062 tantuin
966 1003 1005 1062 ad
1025 1002 1176 1083 quasdam
1196 1003 1271 1064 alias
1290 1006 1436 1084 regiones

307 1107 512 1160 memoratum
535 1099 732 1180 privilegium
757 1099 976 1172 extenderent,
1001 1099 1042 1159 ob
1063 1099 1148 1180 qnod
1170 1101 1343 1182 presbyteri
1367 1109 1435 1160 tum

306 1196 474 1270 seculares,
489 1203 554 1256 tum
566 1196 740 1276 regulares,
753 1195 844 1254 indie
855 1196 1160 1256 commemorationis
1171 1197 1309 1257 omnium
1323 1197 1436 1257 defun-

306 1300 427 1354 ctorum
446 1313 511 1353 rem
531 1292 670 1353 divinam
689 1293 802 1352 iterato
824 1291 993 1366 faciebant,
1011 1313 1180 1374 precesque
1196 1313 1266 1352 suas
1284 1293 1434 1373 singulari

306 1391 437 1470 pietate,
458 1386 489 1450 et
508 1387 681 1448 rationibus
702 1389 910 1470 undequaque
930 1388 1036 1469 petitis
1055 1387 1317 1462 cohonestarunt3
1340 1411 1436 1469 nego·

305 1487 412 1566 tioque
432 1507 448 1546 a
467 1486 596 1546 summis
615 1483 822 1545 Pontificibus
840 1485 968 1544 remisso
988 1484 1032 1546 ad*
1047 1484 1330 1566 Congregationem
1350 1485 1435 1546 Con-

304 1583 383 1656 cilii,
400 1581 466 1642 haec
481 1581 625 1662 precibus
644 1580 825 1662 hujusmodi
840 1601 958 1642 morem
973 1580 1057 1640 baud
1076 1581 1186 1660 gessit,
1203 1581 1256 1642 sed
1272 1589 1433 1662 petentes,

304 1679 349 1739 uti
365 1678 430 1738 fieri
448 1699 518 1738 eum
539 1677 732 1758 principibus
748 1677 823 1736 viris
842 1677 1020 1750 consuevit,
1037 1676 1154 1738 urbane
1174 1677 1306 1750 dimisit,
1323 1699 1435 1759 quem-

303 1773 472 1836 admodum
496 1773 708 1835 recensuimus
732 1773 764 1832 in
789 1772 885 1834 citato
909 1780 1017 1834 nostro
1044 1772 1191 1835 Tractetu
1214 1772 1253 1834 sle
1274 1773 1435 1854 sacrificio

305 1871 422 1949 mirare,
441 1879 516 1932 sect.
535 1893 569 1945 n,
586 1873 669 1947 531,
686 1869 833 1930 editionis
848 1868 1018 1930 Patavinae.

344 1967 443 2028 Porro
467 1969 491 2027 si
516 1968 702 2047 denegatum
725 1966 785 2026 fuit
807 1965 955 2046 episcopo
977 1965 1108 2046 petitum
1130 1965 1328 2046 privilegium
1350 1967 1432 2027 cele-

304 2063 412 2124 brandi
426 2065 473 2123 bis
489 2065 520 2122 in
533 2063 583 2124 die
597 2063 688 2136 festo,
704 2071 738 2122 ut
751 2062 872 2124 nobiles
885 2061 1100 2122 satisfacerent
1112 2068 1269 2142 praecepto
1283 2063 1432 2124 audiendi

303 2159 444 2231 missam,
466 2179 502 2219 eo
522 2159 605 2238 quod
626 2160 705 2220 alius
725 2158 833 2218 aderat
852 2157 1012 2231 sacerdos,
1035 2158 1088 2240 qui
1108 2177 1230 2218 sacrum
1250 2157 1351 2220 facere
1376 2181 1433 2240 po·

301 2262 398 2328 terat;
416 2255 440 2314 si
457 2255 632 2334 principum
648 2254 786 2314 virorum
807 2262 880 2314 vota
896 2254 1042 2314 exaudita
1058 2274 1120 2314 non
1136 2253 1274 2328 fuerunt,
1292 2256 1344 2336 qui
1362 2263 1431 2315 tan-

302 2358 368 2410 tum
393 2370 449 2430 pro
477 2349 658 2410 extensione
684 2350 838 2430 privilegii
863 2349 1082 2432 precabantur,
1108 2357 1140 2410 et
1163 2351 1234 2411 talis
1259 2351 1429 2432 privilegii,

301 2447 386 2529 quod
402 2447 524 2507 unicam
545 2453 667 2506 tantum
683 2445 765 2506 diem
781 2447 922 2528 quolibet
941 2467 1023 2506 anno
1042 2447 1245 2526 respiciebat;
1264 2447 1430 2528 unusquis-

301 2564 361 2625 que
386 2543 468 2604 facili
493 2542 619 2622 negotio
643 2562 833 2622 cognoscere
858 2542 988 2624 poterit,
1010 2542 1085 2623 quid
1110 2563 1127 2602 a
1147 2542 1227 2603 Sede
1247 2543 1429 2624 Apostolica

301 2641 417 2700 factum
433 2647 530 2712 esset,
548 2640 572 2698 si
588 2639 745 2721 simplices
761 2639 892 2701 Parochi
908 2639 1089 2700 facultatem
1105 2639 1267 2720 petiissent
1286 2639 1333 2699 bis
1349 2639 1429 2700 cele·

301 2735 425 2811 brandi,
452 2736 505 2797 ubi
528 2735 608 2796 alius
631 2756 694 2797 non
722 2736 844 2796 deesset
868 2734 1028 2809 sacerdos,
1057 2735 1110 2816 qui
1137 2735 1275 2816 parocho
1302 2757 1428 2816 operam

300 2854 386 2893 suam
407 2841 555 2914 praestare
577 2840 698 2914 posset,
723 2840 754 2892 et
778 2833 824 2892 bis
848 2830 1043 2906 celebrandi,
1070 2851 1133 2891 non
1157 2832 1247 2892 unica
1272 2831 1322 2892 die
1346 2833 1427 2892 intra

299 2949 431 3004 annum,
455 2929 509 2990 sed
534 2937 581 2990 tot
601 2928 726 3003 diebuS,
751 2936 829 3009 quot
851 2949 906 3008 per
927 2929 999 2987 anni
1022 2948 1147 2988 cursum
1170 2927 1239 2988 festi
1261 2927 1327 2988 dies
1349 2929 1427 2988 cele-

300 3024 409 3084 brandi
423 3025 567 3086 fidelibus
583 3025 817 3106 praecipiuntur.

340 3120 383 3180 Ut
398 3121 594 3181 Fraternitati
611 3129 672 3181 tuae
689 3119 853 3202 postulatis
869 3119 1141 3200 responderemus,
1157 3121 1317 3199 negotium
1334 3121 1427 3181 unico

298 3215 394 3276 verbo
423 3217 640 3295 cognoscimus
665 3238 721 3277 nos
743 3216 905 3276 absolvere
927 3215 1082 3296 potuisse,
1105 3215 1239 3276 dicendo
1261 3216 1424 3288 nimirum,

298 3319 383 3372 tuam
408 3311 664 3372 constitutionem
694 3311 875 3392 synodalem
904 3310 1132 3372 observandam
1161 3331 1239 3372 esse,
1269 3311 1425 3373 Henricus

297 3409 379 3469 enim
396 3407 512 3481 Boich,
532 3408 679 3488 antiquus
696 3407 776 3488 juris
796 3407 936 3472 canonici
957 3408 1126 3488 professor,
1141 3408 1173 3467 in
1186 3407 1364 3471 Commeat.
1386 3409 1424 3470 ad

296 3526 364 3587 cap.
391 3505 433 3566 Te
457 3503 627 3586 referente,
653 3525 684 3564 n.
709 3507 744 3582 2,
771 3505 817 3564 De
840 3503 1053 3564 celebratione
1077 3503 1263 3582 nrr'saarum,
1290 3505 1383 3566 docet
1408 3527 1424 3565 a

296 3602 419 3661 nemine
436 3601 524 3660 binas
537 3601 645 3662 missas
665 3601 773 3661 eadem
789 3600 839 3660 die
858 3601 1008 3660 celebrari
1024 3621 1130 3681 posse,
1148 3602 1172 3662 si
1189 3601 1219 3660 id
1235 3601 1276 3662 sit
1292 3602 1423 3662 vetitum

295 3699 327 3757 in
347 3698 570 3758 constitutione
591 3697 743 3778 synodali.
765 3697 826 3757 Sed
846 3697 913 3758 baec
933 3697 1093 3758 scribenda
1115 3697 1155 3758 ad
1176 3705 1206 3758 te
1225 3699 1423 3780 putavimus,

296 3801 330 3854 ut
345 3800 433 3853 tuum
449 3794 607 3873 religionis
627 3794 775 3854 eximium
795 3793 934 3853 studium
955 3795 1069 3855 nostris
1089 3793 1232 3854 laudibus
1252 3815 1423 3876 proseque-

294 3911 409 3962 remur,
426 3897 606 3970 certamque
621 3911 777 3964 normam,
795 3911 831 3950 ac
846 3891 998 3952 rationem
1018 3899 1090 3951 ante
1105 3890 1214 3952 oculos
1230 3891 1422 3971 propositam

295 3987 441 4059 habereS,
458 3985 604 4067 adquam
625 3985 753 4047 consilia
770 3995 839 4056 tua,
859 3993 1006 4068 tuamque
1026 3996 1163 4047 mentem
1181 3987 1333 4048 tutissime
1348 4008 1422 4048 con-

295 4083 454 4144 formares
483 4082 680 4163 Quapropter
704 4089 766 4143 tres
793 4083 858 4143 dies
889 4083 921 4143 in
948 4084 1068 4163 privata
1095 4090 1201 4146 nostra
1226 4083 1422 4143 Bibliotheca

294 4200 383 4240 mane
399 4179 637 4259 insumpsimus,
654 4199 734 4260 quos
753 4199 884 4254 vacuos,
902 4200 938 4240 ac
957 4179 1072 4239 liberos
1092 4179 1131 4240 ab
1150 4179 1313 4240 audiendis
1333 4180 1423 4238 mini-

293 4277 381 4350 stris,
398 4275 600 4356 molestiaque
616 4275 749 4354 negotiis
765 4275 847 4336 nacti
863 4297 985 4350 sumus,
999 4284 1034 4336 ut
1049 4275 1104 4336 has
1119 4276 1238 4336 litteras
1254 4275 1423 4336 conticere-
