3246 5026
325 491 377 543 366
808 487 853 537 DE
872 486 971 538 Missi

324 637 365 696 sis
381 635 516 708 babens;
532 627 662 713 quibus,
679 629 781 711 quoad
799 650 833 690 ca
849 649 919 710 quae
935 630 1141 711 praesentibus
1156 630 1373 705 adversantur,
1392 631 1457 693 illis

323 733 399 791 alias
415 731 444 788 in
465 749 522 789 sue
542 727 655 788 robore
675 727 901 807 permansuris,
921 727 1014 788 Sacra
1029 727 1255 807 Cengregatie,
1272 728 1456 789 Sanctitatis

323 847 386 886 suae
402 826 602 897 auctoritate,
620 823 796 904 specialiter
810 829 843 882 et
857 843 1002 904 expresse
1017 823 1162 904 derogat,
1179 825 1364 905 caeterisque
1378 846 1456 886 con·

323 922 425 982 trariis
443 921 703 1002 quibuscumque.
719 955 760 964 --
775 919 890 980 Datum
908 919 1031 992 Romae,
1048 919 1097 979 die
1112 922 1152 980 2³
1167 920 1347 980 novembris
1364 924 1454 982 1697.

323 1055 352 1062 ψ
376 1017 493 1098 loseph
509 1015 602 1077 Card.
620 1015 817 1095 Sacripantes
833 1015 1014 1076 Praefectus
1033 1051 1072 1058 —-
1086 1015 1302 1098 Fcrdinandus
1317 1017 1456 1096 Nuptius

322 1117 423 1173 Sacra*
440 1113 557 1190 Congr.
575 1112 770 1172 secretarius.

363 1217 377 1284 ξ
406 1211 454 1270 30.
485 1209 636 1278 Quocirca
666 1227 761 1288 quum
789 1206 922 1266 dilectus
954 1207 1049 1268 Filius
1077 1215 1185 1267 nester
1210 1207 1328 1288 loseph
1355 1209 1455 1268 Tituli

322 1309 443 1366 Sanctae
460 1305 567 1365 Mariae
581 1303 819 1383 Transpentinm
836 1303 868 1366 S.
886 1302 979 1364 Rom.
993 1303 1076 1363 Eccl.
1090 1303 1258 1384 Presbyter
1277 1303 1454 1364 Cardinalis

322 1403 535 1482 Sacripantcs,
557 1407 735 1460 memoratae
759 1398 1018 1476 Congregatienis
1038 1399 1225 1474 Praefectus,
1247 1400 1377 1481 praelata
1398 1401 1453 1461 de·

321 1507 404 1558 creta
435 1496 532 1556 Nebis
567 1495 727 1568 retulerit;
763 1494 827 1554 Nes
858 1495 1091 1556 considerantes
1124 1497 1228 1556 omnia
1259 1503 1296 1576 ⁸et
1328 1498 1453 1577 singula

322 1595 468 1666 Decreta,
492 1613 526 1652 ee
549 1612 609 1673 qua
632 1591 722 1651 dccet
744 1591 923 1652 maturitate
947 1591 1066 1671 digesta
1091 1600 1122 1652 ct
1146 1592 1336 1666 examinata,
1361 1613 1397 1653 ac
1419 1595 1450 1653 in

322 1690 383 1748 vim
403 1687 584 1770 apostelicae
604 1687 799 1747 auctoritatis
818 1687 918 1747 eidem
939 1689 1182 1767 Congregetioni
1204 1688 1391 1768 specialiter,
1416 1697 1451 1750 ut

321 1785 503 1868 praefertur,
526 1784 684 1845 attributae
708 1791 848 1864 peracta,
871 1783 1014 1864 perutilia
1037 1785 1104 1844 lore
1128 1793 1308 1859 censentes,
1333 1786 1450 1867 illaque

321 1890 483 1963 prepterea
501 1887 652 1962 perpetue
667 1888 698 1940 et
719 1879 941 1940 invielabiliter
956 1880 1131 1954 observari,
1149 1901 1272 1941 necnon
1288 1881 1450 1941 Censtitu-

321 1979 414 2038 tionis
435 1986 548 2038 nestrae
572 1977 742 2036 munimine
763 1976 909 2036 roborare
931 1976 1088 2050 relentes3
1111 1985 1197 2036 metu
1218 1977 1360 2058 proprie,
1384 1999 1448 2038 non

320 2075 357 2134 ad
374 2075 558 2156 cujusquam
575 2073 672 2132 Nebis
687 2093 781 2153 super
797 2073 855 2133 bec
876 2072 988 2133 oblatae
1005 2073 1163 2153 petitionis
1179 2073 1376 2148 instantiam,
1394 2074 1449 2134 sed

319 2191 356 2230 ex
372 2179 454 2230 certa
472 2169 601 2228 seientia
616 2177 647 2228 et
663 2177 782 2229 matura
798 2169 1034 2240 deliberatione,
1049 2169 1150 2250 deque
1165 2169 1344 2250 apostolica
1361 2177 1449 2250 pete-

319 2267 407 2326 statis
430 2264 638 2346 plenitudine,
662 2266 842 2344 praeinserta
862 2265 1002 2340 decreta,
1032 2266 1199 2346 omniaque
1219 2273 1250 2326 et
1270 2264 1390 2346 singula
1414 2265 1446 2324 iu

318 2363 362 2423 eis
377 2367 540 2434 contenta,
560 2363 667 2420 tenere
688 2362 903 2441 praesentium,
921 2362 1107 2422 auctoritate
1126 2362 1314 2442 apostolica,
1331 2362 1448 2420 confir-

319 2479 438 2520 mamus
453 2465 484 2518 et
499 2456 722 2537 approbemus,
740 2456 863 2539 illisque
883 2457 1071 2518 inviolabilis
1087 2466 1118 2518 et
1134 2456 1354 2537 irrefragabilis
1370 2478 1447 2538 ape-

318 2556 436 2616 stelicar
458 2553 610 2613 llrmitatis
624 2553 727 2612 ¹robur
745 2561 777 2612 et
795 2554 965 2614 ellicaciem
986 2554 1167 2636 adjicimus;
1183 2554 1324 2636 quinimo
1340 2561 1445 2627 motu,

318 2652 457 2724 scientia,
474 2649 698 2710 deliberatione
714 2671 749 2710 ae
765 2651 928 2730 potestatis
947 2649 1140 2731 plenitudine
1156 2650 1324 2724 similibus,
1341 2651 1447 2710 emnia

318 2756 348 2808 et
365 2745 485 2828 singula
506 2745 538 2805 in
558 2745 744 2826 supradictis
761 2745 901 2806 Decretis
916 2753 1078 2820 contenta,
1099 2747 1138 2806 de
1159 2767 1241 2806 nove
1261 2746 1445 2820 statuimus,

317 2845 524 2916 decernimus,
537 2851 567 2902 ct
579 2842 770 2920 ordinamus,
783 2863 819 2902 ac
829 2843 867 2903 ab
879 2843 1024 2904 omnibus
1035 2851 1066 2902 et
1078 2842 1336 2924 quibuscumque,
1350 2842 1445 2903 etiam

317 2941 442 3022 speciali
458 2949 489 3000 et
504 2939 664 2999 individua
680 2947 754 3000 neta
770 2939 883 3018 dignis,
901 2941 1029 2999 omnine
1045 2947 1152 2999 exacte
1168 2947 1199 2999 et
1213 2947 1365 3019 perpetue
1381 2959 1445 2998 ser-

317 3039 382 3097 veri
398 3037 560 3110 velumus,
578 3035 734 3096 sancimus
749 3043 781 3095 et
795 3036 990 3096 mandamus.

356 3143 370 3210 ξ
385 3137 434 3194 31.
453 3133 662 3192 Decernentes
677 3141 845 3212 praesentes
859 3133 1005 3206 Litteras,
1020 3153 1089 3192 cum
1106 3131 1250 3192 omnibus
1265 3139 1297 3192 et
1312 3131 1445 3212 singulis

315 3229 391 3288 inibi
414 3229 585 3300 sententie,
608 3249 730 3308 semper
750 3229 869 3301 firmas,
892 3228 1026 3302 relidas,
1043 3237 1075 3289 et
1097 3229 1235 3288 elllcaees
1257 3228 1390 3288 existere
1412 3237 1444 3288 el

316 3325 397 3396 lere,
420 3344 555 3404 suesque
580 3323 734 3404 plenarios
755 3333 786 3384 ct
806 3325 944 3404 integros
969 3327 1096 3385 ellectus
1120 3323 1222 3385 sortiri
1248 3331 1279 3384 et
1300 3323 1444 3384 obtinere

316 3419 444 3494 debere,
461 3439 496 3480 ac
511 3419 550 3479 ab
566 3420 710 3480 omnibus
726 3419 764 3481 ad
781 3443 860 3502 ques
876 3429 1012 3502 spectat,
1029 3429 1060 3481 et
1076 3441 1132 3502 pre
1148 3427 1287 3501 tempere
1302 3420 1443 3501 quando-

315 3537 450 3599 cumque
470 3523 500 3576 et
515 3515 809 3599 quomodocumque
827 3518 995 3599 spectabit,
1013 3519 1043 3576 in
1059 3517 1203 3578 omnibus
1222 3525 1253 3578 et
1268 3517 1442 3597 peremnia

316 3613 492 3695 plenissime
515 3611 545 3673 el
567 3612 788 3674 invielabiliter
810 3615 988 3688 observeri;
1009 3615 1114 3695 sieque
1137 3621 1167 3673 et
1190 3633 1252 3673 nen
1274 3613 1365 3673 aliter
1387 3633 1444 3694 per

315 3731 528 3791 quoscumque
540 3709 666 3769 ludices
680 3709 859 3770 Ordiuarios
875 3719 906 3770 et
923 3711 1100 3790 DelegateS,
1115 3710 1226 3791 quavis
1240 3709 1440 3782 auctoritato,

315 3805 548 3885 praeeminentia
569 3813 600 3866 et
614 3812 770 3886 potestate
786 3807 952 3886 iungentes
968 3814 998 3866 ot
1018 3806 1197 3876 iuncturos,
1214 3805 1308 3865 etiam
1325 3805 1441 3864 Causa-

314 3923 382 3961 rum
399 3901 509 3961 Paletii
524 3901 685 3981 apostolici
702 3902 871 3974 auditores
888 3921 923 3961 ac
939 3901 1079 3984 ejusdem
1095 3901 1127 3961 S.
1142 3901 1180 3961 ll.
1193 3901 1228 3961 E.
1245 3899 1439 3974 criminales,

313 3999 406 4058 ctiam
422 3997 460 4058 de
477 3997 572 4057 latere
584 3999 726 4076 Legatos,
739 4005 770 4058 et
785 3996 873 4058 Sedis
885 3999 1074 4078 Apostolieoe
1090 3997 1116 4056 N
1120 3995 1242 4070 unties;
1259 3996 1381 4056 sublata
1396 3997 1441 4056 eis

312 4103 460 4155 eteorum
473 4093 599 4154 cuilibet
610 4093 720 4174 quavis
731 4093 821 4154 aliter
829 4093 991 4175 judicandi
1004 4091 1266 4173 etinterpretandi
1277 4091 1438 4168 facultate,

245 4179 249 4187 ¹
309 4189 443 4271 judicari
456 4197 486 4250 et
499 4189 620 4250 deliniri
633 4189 763 4262 debere3
778 4211 813 4250 ac
824 4190 945 4250 irritum
957 4197 988 4248 et
998 4189 1100 4264 inane,
1113 4189 1138 4248 si
1151 4207 1267 4248 secuse
1278 4209 1439 4270 quoquam

312 4287 422 4364 quavis
441 4287 641 4357 auctoritate,
659 4286 792 4347 scienter
807 4287 854 4347 vel
878 4286 1069 4366 ignoranter,
1091 4284 1256 4362 contigerit
1277 4285 1437 4346 attentari.
