3180 5024
333 480 387 535 220
819 478 863 528 DE
881 477 981 530 MISSA

334 625 423 691 unde
443 624 542 688 multi
561 630 717 688 auctores
736 622 891 688 eamdem
910 644 985 687 esse
1005 620 1128 686 debere
1153 621 1333 686 materiam
1351 621 1469 685 calicis

332 749 368 805 et
391 746 523 826 patemo
547 737 682 802 docent.
705 736 854 802 —Nam
878 736 932 801 hic
962 758 1087 816 canon,
1115 735 1260 800 concilio
1280 735 1469 800 Rhemensi

332 851 535 933 attributus,
571 867 622 916 ex·
643 851 760 937 ignoto
793 850 887 914 lonte
919 850 1121 936 desumptus
1154 856 1223 930 est,
1260 855 1295 914 et
1325 847 1469 935 proinde

335 966 463 1031 nullam
484 964 585 1029 habet
604 965 852 1030 auctoritatem.

380 1081 416 1144 2⁰
435 1079 569 1143 Patenae
596 1079 800 1143 corraccratio
821 1086 853 1141 et
874 1077 1053 1142 ececratio.
1081 1115 1126 1124 -
1153 1076 1226 1140 Hac
1246 1075 1289 1140 de
1316 1098 1352 1140 re
1380 1075 1467 1140 idem

334 1193 474 1258 omnino
495 1191 677 1257 dicendum
699 1191 740 1255 de
767 1199 890 1278 patena
916 1213 955 1256 ac
979 1190 1021 1255 de
1045 1191 1167 1266 calice:
1184 1189 1257 1254 haec
1274 1189 1365 1253 enim
1387 1189 1465 1268 duo,

336 1307 401 1374 sub
423 1307 487 1372 hoc
506 1314 679 1393 respectu,
697 1307 770 1392 pari
789 1313 953 1393 perpetuo
972 1304 1080 1391 gradu
1099 1303 1301 1391 procedunt.

596 1631 615 1704 ἓ
634 1631 668 1688 2.
690 1631 743 1688 De
764 1629 885 1687 sacris
904 1628 1205 1688 linteaminibus.

382 1850 457 1915 Tria
478 1858 558 1915 sunt
578 1871 671 1914 sacra
691 1848 913 1914 linteamina:
935 1847 1126 1934 corporale,
1139 1847 1248 1933 palla,
1266 1848 1467 1932 parificato-

340 1989 444 2032 rrum.

387 2177 481 2244 117.
502 2213 545 2222 -
569 2173 795 2262 Corporale.
819 2213 862 2220 —
888 2173 1073 2258 Corporale
1100 2179 1152 2236 est
1177 2171 1359 2236 linteolum
1386 2169 1469 2234 illud

338 2289 442 2376 quod,
464 2295 615 2374 tempore
635 2288 789 2352 sacrificii
808 2287 937 2366 missac,
955 2310 1058 2374 super
1076 2285 1182 2351 altare
1201 2285 1413 2368 extenditur,
1434 2292 1470 2349 ut

340 2425 442 2488 supra
462 2401 546 2466 illud
566 2410 736 2488 ponantur
754 2409 877 2488 patena
897 2424 974 2465 cum
995 2401 1107 2466 hostia
1126 2408 1161 2466 et
1180 2400 1281 2464 calix.

387 2519 421 2579 l0
442 2515 637 2600 Corporalia
657 2517 809 2580 materia.
831 2553 875 2564 -
895 2515 1079 2602 Corporale
1100 2513 1201 2579 debet
1221 2536 1297 2578 esse
1317 2535 1471 2578 necessa·

341 2631 390 2694 rio
410 2631 535 2694 erlino
555 2639 615 2695 act
634 2630 794 2694 cannabe.
816 2669 860 2677 —
880 2629 1048 2696 Constat:
1073 2632 1107 2692 l⁰
1126 2629 1285 2693 llahricia
1305 2627 1469 2708 missalia,

342 2767 464 2832 nempe
484 2745 518 2808 in
539 2743 671 2809 duobus
690 2743 795 2808 locis:
817 2767 848 2808 a.
866 2751 953 2830 part.
977 2742 1007 2806 ll
1030 2744 1142 2832 (Ritus
1156 2743 1355 2825 servandas,
1376 2745 1470 2829 etc),

344 2859 396 2924 tit.
419 2881 446 2939 1,
468 2881 501 2923 n.
528 2858 540 2921 1
561 2877 568 2922 :
593 2885 608 2918 «
636 2856 818 2944 Corporale
838 2857 929 2944 quod
953 2881 995 2921 ecc
1020 2858 1088 2922 lino
1112 2865 1247 2922 tantum
1269 2879 1337 2920 cecc
1358 2856 1470 2932 debet,

344 2995 405 3037 nec
425 2974 531 3037 serico
551 2972 606 3036 vel
625 2995 705 3036 auro
721 2971 755 3035 in
771 2971 882 3036 medio
902 2971 1088 3053 intextum,
1106 2972 1167 3036 sed
1179 2978 1289 3036 totum
1306 2970 1437 3052 album,
1457 2999 1471 3030 n

344 3124 388 3134 -—
408 3087 441 3150 h.
466 3087 557 3151 Part.
581 3083 628 3149 111
651 3085 721 3173 (De'
738 3083 961 3171 defectibus),
983 3085 1037 3152 tit.
1064 3106 1104 3166 x,
1126 3108 1160 3150 n.
1186 3088 1199 3149 1
1222 3105 1230 3151 :
1255 3113 1270 3144 a
1295 3084 1475 3172 (Defectus

346 3199 410 3285 est)
428 3199 455 3262 si
476 3199 662 3286 corporalia
682 3222 750 3263 non
770 3199 840 3263 sint
855 3199 998 3277 munda,
1015 3222 1091 3285 qna
1110 3199 1233 3263 delient
1252 3221 1320 3263 carc
1335 3221 1378 3262 ea·
1394 3199 1473 3281 lino,

344 3333 407 3374 nec
433 3311 540 3376 serico
567 3313 601 3376 in
634 3313 744 3378 medio
771 3320 954 3393 ornata...;
987 3340 1003 3374 n
1024 3352 1068 3362 -
1094 3314 1130 3377 2⁰
1158 3312 1299 3377 Decreta
1325 3311 1476 3397 yenerali

345 3424 379 3489 S.
402 3425 471 3489 Rit.
496 3424 635 3512 Congr,
661 3427 700 3492 15
719 3427 799 3491 maii
821 3426 922 3509 1819,
950 3451 969 3492 a
997 3427 1058 3492 Pio
1085 3427 1150 3492 Vll
1177 3426 1371 3514 specialiter
1397 3449 1476 3490 con-

346 3539 494 3620 firmato,
517 3540 551 3604 in
571 3563 638 3628 quo
657 3541 693 3608 S.
716 3541 840 3628 Congr.
863 3541 933 3605 lino
953 3541 1156 3606 assimilavit
1174 3540 1381 3622 cannabem,
1403 3563 1477 3628 quac

346 3677 462 3719 revera
496 3655 607 3742 quoad
640 3655 750 3719 varias
779 3655 961 3744 qualitates
995 3655 1170 3720 simillima
1203 3662 1256 3720 est
1283 3655 1372 3736 lin0;
1400 3654 1478 3742 quia

347 3789 426 3832 vero
448 3769 511 3833 hoc
530 3767 703 3833 decretum
722 3769 793 3832 vim
812 3767 914 3834 habet
933 3769 1036 3856 legia,
1064 3777 1099 3834 et
1119 3769 1270 3858 proderit
1294 3769 1398 3834 etiam
1418 3791 1477 3856 pro

347 3881 432 3946 inira
465 3881 633 3964 dicendis,
664 3883 718 3948 hio
750 3882 961 3948 referendum
995 3891 1073 3950 est:
1106 3912 1122 3944 α
1227 3884 1478 3972 (Decreverunt

349 3997 424 4062 Emi
458 3996 593 4087 Patres)
633 3997 751 4062 cadem
784 4019 876 4062 sacra
914 3997 1113 4063 indumenta
1152 4021 1191 4063 ac
1227 3997 1477 4084 supellectilia¹

381 4217 388 4250 ¹
407 4217 547 4278 Agebatur
569 4221 626 4266 tum
648 4219 680 4266 dc
701 4217 787 4266 tribus
808 4217 1025 4276 linteaminibus,
1047 4217 1080 4267 de
1102 4217 1202 4280 quibus
1223 4216 1341 4279 agimus,
1366 4219 1424 4264 turn
1445 4215 1476 4263 de

348 4297 463 4355 amictu,
479 4298 540 4346 alba
556 4301 583 4346 et
598 4299 703 4360 mappis
718 4297 819 4346 altaris.
