3224 5044
733 1171 948 1256 CAPUT
988 1173 1080 1254 Vll

345 1554 391 1610 DE
419 1553 727 1612 Taansnsssslon'n
760 1555 805 1609 ET
835 1553 1099 1610 COLLECTlONE
1133 1553 1474 1610 ELEEMOSYNARl'll

806 1685 1002 1740 Mlssanan

410 2090 429 2163 5
450 2091 483 2147 1.
504 2091 557 2150 Da
577 2089 721 2164 reuulls
741 2085 1046 2147 transmissionis
1066 2087 1410 2158 eleemosynarum.

387 2333 433 2397 N.
455 2333 495 2396 B.
522 2332 647 2418 Agitur
670 2333 712 2398 de
736 2355 816 2398 casu
840 2353 907 2420 quo
931 2331 1105 2414 sacerdos,
1133 2329 1304 2418 obligatus
1323 2332 1367 2396 ad
1386 2331 1474 2398 cale-

342 2442 505 2508 brandam
529 2444 669 2510 missam
689 2445 817 2510 ratione
843 2444 899 2509 vel
922 2445 1052 2532 accepti
1071 2444 1247 2533 stipendii,
1275 2443 1332 2510 vel
1351 2443 1472 2512 funda-

342 2556 456 2640 tionis,
479 2556 644 2640 beneficii,
658 2565 736 2640 ela,
754 2559 839 2624 hanc
855 2557 995 2623 missam
1013 2580 1082 2622 non
1102 2563 1215 2646 polesl
1233 2563 1292 2622 aul
1312 2559 1472 2624 nonnuli

342 2670 414 2757 ipse
430 2671 610 2752 celebrare,
625 2677 657 2735 el
670 2670 745 2736 ideo
761 2695 835 2736 eam
847 2670 1085 2736 celebrandam
1097 2672 1278 2736 committit
1291 2671 1349 2736 alii
1363 2695 1472 2736 saeer-

343 2783 425 2867 doti,
443 2784 534 2866 dato,
554 2791 591 2850 ul
611 2791 743 2872 paresl,
762 2785 942 2873 stipendio,
958 2783 1127 2864 Quaeritur
1141 2808 1222 2872 ergo
1238 2807 1321 2850 num
1338 2784 1471 2851 tradere

342 2898 464 2964 debeat
484 2900 653 2986 inlegrum
668 2904 841 2986 receplum
862 2897 1080 2987 stipendium.

387 3126 455 3194 93.
465 3165 509 3178 -
520 3126 672 3214 Regula
686 3125 899 3214 generalis.
909 3164 952 3176 -
964 3127 1127 3191 Sacerdos
1139 3127 1201 3212 qni
1214 3127 1354 3190 missam
1363 3149 1470 3193 susce-

337 3241 392 3325 pit
417 3239 653 3304 celebrandam
683 3261 760 3306 cnm
791 3247 881 3304 certa
910 3241 1136 3325 eleemosyna,
1161 3241 1191 3304 si
1220 3239 1306 3304 banc
1332 3240 1470 3306 masam

341 3351 577 3418 celebrandam
607 3355 796 3418 committat
821 3353 938 3436 alleri,
968 3352 1101 3417 tradere
1133 3361 1268 3418 tenetur
1298 3353 1470 3440 inleqram

341 3466 604 3553 eleemosynam,
627 3466 770 3554 ideoque
789 3465 918 3532 nullam
938 3466 1011 3554 ejus
1025 3473 1157 3555 partem
1176 3467 1321 3534 relinere
1341 3475 1467 3556 potest.

340 3619 385 3632 -
408 3582 577 3649 Constat:

388 3699 420 3761 l⁰
441 3695 593 3762 Decretis
612 3716 701 3781 saepe
720 3693 877 3781 allegatis
892 3716 946 3760 an.
971 3693 1069 3775 1625,
1087 3715 1174 3781 quae,
1192 3701 1230 3760 ul
1249 3694 1381 3761 dictum
1403 3703 1466 3769 esl.

340 3810 410 3875 vim
433 3809 519 3899 legis
542 3806 684 3890 habent,
711 3830 832 3895 nempe
857 3807 993 3873 decreto
1013 3807 1049 3888 l,
1078 3808 1113 3871 in
1137 3829 1205 3896 quo
1229 3807 1319 3874 clare
1344 3811 1469 3876 slalui-

340 3931 418 3990 tur:
448 3949 463 3984 a
489 3923 541 3988 Ac
565 3921 721 3987 simililer
743 3943 844 3986 omna
868 3919 1060 3986 damnabile
1084 3919 1217 3986 lucrum
1244 3920 1287 3987 ab
1314 3921 1467 3988 Ecclesia

339 4059 512 4104 removere
527 4035 662 4118 volens,
682 4035 801 4124 [Sacra
817 4033 1044 4122 Congregalio
1059 4033 1179 4122 Cone]
1189 4033 1346 4121 prohibet
1359 4059 1469 4104 sacer·

339 4151 411 4216 doli
430 4151 488 4240 qui
511 4151 651 4217 missam
675 4149 823 4238 suscepit
848 4145 1084 4215 celebrandam
1109 4170 1185 4213 cum
1210 4154 1301 4214 ceria
1320 4149 1468 4215 eleemo-

339 4286 436 4353 syna,
455 4288 494 4331 na
513 4266 664 4332 eamdem
685 4265 821 4330 missam
841 4263 952 4348 alleri,
969 4271 1070 4349 parte
1084 4262 1237 4350 ejusdem
1249 4262 1467 4350 eleemosyna
