3180 5024
439 465 483 516 DE
500 464 664 517 cusrooln
683 463 796 516 SACRAE
816 463 1045 514 eucflnnlsrie
1252 459 1303 513 28³

179 611 373 698 frequenter
396 615 589 676 occurrunt.
611 607 705 674 Idem
720 614 839 694 tenet,
861 608 896 672 in
920 630 1001 673 casu
1021 614 1157 686 nostro,
1180 605 1305 670 doctis-

179 725 286 790 simus
306 723 505 790 Cavalieri¹.

225 839 260 905 3ο
285 837 325 902 Vi
343 837 606 922 consuetudinis,
627 843 740 925 potest
760 835 948 925 Episcopus
966 835 1139 924 acquirere
1158 841 1305 922 potesta-

179 960 249 1018 tem
274 950 481 1016 concedendi
506 951 682 1039 praefatam
710 937 923 1031 facultatem
950 949 985 1013 vi
1011 949 1102 1015 enim
1128 954 1307 1014 consuetu·

180 1065 286 1147 dinis,
320 1071 434 1153 potest
466 1065 640 1152 acquirere
672 1071 877 1154 potestatem
911 1063 1130 1152 dispensandi
1162 1063 1198 1127 in
1231 1062 1306 1150 lege

180 1179 329 1267 generali
348 1179 525 1261 Ecclesiae,
542 1186 581 1244 ut
599 1178 641 1244 ab
662 1177 820 1243 omnibus
839 1177 1046 1257 admittitur;
1069 1200 1174 1264 quum
1193 1183 1307 1242 autem

181 1293 235 1358 hic
259 1293 496 1359 consuetudini
519 1275 701 1358 misceatur
719 1293 948 1378 praescriptio,
970 1297 1005 1357 et
1029 1291 1166 1379 quidem
1189 1299 1307 1356 contra

174 1409 263 1495 jura
279 1409 376 1473 Rom.
394 1407 569 1492 Pontificio
588 1429 649 1473 seu
665 1406 824 1472 Ecclesiae
843 1428 1007 1486 romanoe,
1025 1405 1207 1493 requiritur
1225 1428 1306 1493 prae·

181 1521 320 1610 scriptio
344 1543 404 1586 seu
428 1520 638 1586 consuetudo
662 1521 865 1608 centenaria.
891 1520 994 1608 Apud
1018 1541 1097 1603 nos,
1124 1519 1245 1586 saltem
1271 1519 1306 1583 in

181 1635 299 1702 multis
317 1633 483 1723 partibus,
506 1633 655 1723 episcopi
674 1634 736 1699 hac
755 1641 924 1722 potestate
943 1633 1112 1700 fruuntur.

244 1961 263 2035 ἓ
283 1962 316 2020 3.
338 1963 392 2019 De
412 1961 523 2018 modo
543 1960 764 2019 asservandi
785 1974 934 2019 sacram
953 1957 1246 2018 eucharistiam.
1295 1919 1299 1924 .

228 2180 663 2269 151.-Altaroinquo
675 2182 874 2250 asservari
886 2179 1027 2250 debeat
1037 2199 1150 2250 sacra
1158 2179 1306 2248 Eucha-

181 2296 308 2364 rictia.

228 2411 262 2472 1⁰
290 2407 329 2472 In
360 2407 515 2474 ecclesiis
548 2407 816 2492 cathedralibus,
848 2409 1040 2474 curandum
1069 2417 1118 2472 est
1148 2415 1184 2472 ut
1212 2428 1307 2470 sacra

181 2521 400 2587 Eucharistiae
419 2522 642 2605 custodiatur,
666 2545 732 2586 non
752 2523 786 2586 in
807 2523 933 2609 majori
952 2521 1070 2606 altari,
1093 2521 1152 2586 sed
1172 2522 1207 2586 in
1227 2519 1304 2584 alio.

181 2675 227 2685 -
245 2637 389 2702 Constat
414 2636 487 2724 ipso
513 2643 611 2702 textu
635 2635 884 2700 Ceremonialis
903 2636 1150 2721 Episcoporum
1169 2633 1251 2726 =(lib.
1274 2633 1305 2716 Ι,

74 2773 82 2796 ·
183 2774 213 2815 c.
235 2771 297 2833 xu,
319 2773 354 2815 n.
377 2749 414 2838 8)
434 2769 441 2816 :
464 2777 480 2811 «
510 2750 613 2814 Valde
633 2758 863 2836 opportunum
883 2757 934 2816 est
953 2755 991 2814 ut
1010 2749 1096 2814 illud
1115 2747 1308 2836 (sanctissi-

182 2887 277 2928 mum
301 2863 576 2953 Sacramentum)
602 2885 670 2928 non
690 2863 876 2929 collocetur
899 2864 934 2928 in
960 2863 1078 2952 majori
1103 2861 1158 2928 vel
1181 2861 1216 2925 in
1242 2861 1308 2926 alio

182 2965 298 3059 alffiri,
324 2977 358 3041 in
383 3001 450 3065 quo
471 2977 659 3066 Episcopus
683 2977 737 3042 vel
756 2977 843 3043 alius
869 2978 1066 3043 solemniter
1091 2985 1143 3042 est
1169 2975 1308 3041 missam

183 3115 244 3156 seu
267 3113 428 3180 vesperas
452 3091 700 3174 celebraturus,
727 3091 787 3157 sed
811 3091 845 3156 in
866 3093 932 3157 alio
956 3091 1122 3158 sacello...
1149 3097 1306 3180 ponatur.

184 3205 283 3286 Quod
309 3205 337 3270 si
364 3205 398 3270 in
426 3205 525 3271 altari
552 3205 712 3294 majori...
741 3205 946 3272 collocatum
973 3207 1175 3296 reperiatur,
1202 3207 1245 3270 ab
1273 3227 1310 3269 eo

183 3319 286 3384 altari
317 3321 352 3384 in
380 3320 476 3384 aliud
504 3321 640 3384 omnino
670 3321 946 3406 transferendum
972 3330 1036 3406 est,
1065 3344 1107 3386 ne
1133 3329 1310 3410 propterea

183 3433 268 3498 ritus
293 3441 327 3500 et
351 3434 433 3498 ordo
458 3433 751 3518 coeremoniarum,
778 3435 837 3522 qui
861 3435 896 3500 in
920 3435 1115 3522 hujusmodi
1139 3435 1253 3501 missis
1277 3441 1312 3500 et

184 3547 305 3612 officiis
324 3547 512 3612 servandus
532 3553 600 3628 est,
622 3545 790 3613 turbetur.
812 3547 942 3614 »Unde
962 3549 1005 3614 ad
1024 3549 1180 3614 vitandas
1194 3547 1311 3636 hujus-

185 3661 277 3726 modi
296 3661 551 3744 translationes,
569 3667 603 3727 et
617 3661 855 3728 irreverentiae
869 3685 947 3727 cum
962 3663 1011 3728 eis
1026 3663 1112 3728 forte
1127 3685 1309 3745 connexas,

185 3777 280 3840 valde
304 3783 535 3862 opportunum
559 3784 607 3840 eat
628 3775 725 3866 (licet
749 3799 817 3841 non
841 3777 992 3864 rigorose
1011 3777 1248 3866 preceptum),
1274 3783 1313 3844 ut

186 3889 439 3954 sanctissimum
465 3889 740 3972 Sacramentum,
768 3913 836 3956 non
863 3891 897 3954 in
929 3889 1064 3978 majori,
1093 3892 1153 3957 sed
1181 3892 1216 3957 in
1246 3892 1312 3957 alio

186 4003 286 4070 altari
318 4011 513 4092 reponatur.
549 4003 647 4070 Unde
678 4004 780 4070 etiam
814 4003 849 4069 in
884 4005 1019 4071 casibus
1052 4004 1313 4094 particularibus

219 4199 227 4232 ¹
247 4198 447 4248 Commentaric
463 4199 491 4249 in
511 4198 620 4248 decreta
638 4199 663 4249 S.
685 4199 737 4249 Rii.
755 4201 865 4266 Gortyn,
883 4205 994 4261 t.1v,c.
1012 4217 1052 4260 vr,
1068 4203 1199 4266 Augustae
1216 4202 1315 4252 Vinde-

187 4281 242 4340 lic.‚
257 4283 330 4340 lto-t,
346 4281 379 4328 ad
395 4280 534 4330 decretum
550 4279 598 4338 IV,
617 4293 642 4341 p.
659 4285 698 4328 91.
