3246 5026
308 468 362 522 306
613 467 657 518 DE
675 466 892 519 seuerissimi
915 465 1133 518 sicaiunnio

307 622 425 680 autem
444 613 628 698 proprium
651 612 857 676 sacerdotem
880 609 1084 696 intelligitur
1107 611 1142 674 in
1166 611 1230 675 hoc
1249 611 1360 698 capite
1379 609 1438 676 iile

306 729 368 818 qui
393 727 502 817 possit
527 725 703 791 absolvere
734 748 752 790 a
778 725 943 812 peccatis,
974 731 1009 789 et
1034 723 1191 812 proinde,
1213 748 1282 789 non
1301 732 1438 790 tantum

311 842 498 930 Episcopus
517 847 552 906 et
570 839 749 929 parochus,
767 839 828 904 sed
846 839 950 904 etiam
964 837 1202 920 confessarius,
1220 839 1300 927 quia
1314 837 1438 906 titulus

305 956 441 1043 proprii
459 955 653 1037 sacerdotia,
675 953 816 1019 relative
836 953 879 1017 ad
898 976 927 1018 c.
947 952 1064 1018 Omnis
1084 952 1274 1040 utriusque,
1291 953 1439 1020 decursu

310 1077 521 1159 temporum,
544 1067 729 1136 attributus
751 1073 804 1132 est
822 1067 925 1131 etiam
949 1066 1164 1152 confessario.
1187 1065 1286 1132 Unde
1305 1075 1339 1132 et
1358 1089 1439 1131 con-

309 1185 470 1250 fessarius
478 1183 624 1273 juridice
635 1188 831 1268 competens
847 1187 911 1264 est,
918 1181 995 1270 jure
1005 1180 1189 1262 communi,
1202 1179 1246 1245 ad
1255 1179 1437 1247 admitten-

307 1298 391 1365 dum
409 1321 552 1387 puerum
573 1297 616 1362 ad
633 1296 778 1384 primam
802 1295 1090 1364 communionem:
1113 1295 1181 1359 imo
1206 1301 1259 1360 est
1282 1295 1436 1383 apprime

306 1421 409 1503 aptus
429 1412 554 1478 adhoc
574 1433 698 1476 munus
717 1407 959 1490 exercendum,
983 1409 1061 1497 quia
1081 1408 1203 1474 melius
1223 1409 1339 1490 novit,
1361 1417 1436 1476 tum

308 1527 543 1592 discretionem
563 1525 674 1615 pueri,
697 1531 770 1588 tum
790 1524 1023 1610 dispositiones
1042 1523 1187 1588 morales
1206 1523 1328 1588 auimae
1348 1523 1433 1612 ejus

308 1641 405 1708 Unde
425 1640 472 1706 ait
496 1639 727 1704 Catachiemus
751 1661 841 1704 conc.
870 1638 979 1721 Trid.‚
1000 1645 1088 1724 part.
1111 1636 1159 1720 11,
1181 1661 1209 1704 c.
1234 1659 1283 1720 vi,
1305 1661 1339 1702 n.
1364 1637 1432 1705 68:

306 1783 325 1814 «
347 1753 422 1834 Qua
442 1776 522 1820 vero
541 1759 640 1818 aetate
660 1753 773 1841 pueris
793 1775 888 1818 sacra
907 1752 1070 1840 mysteria
1094 1751 1204 1817 danda
1229 1752 1315 1833 sint,
1337 1775 1435 1818 nemo

305 1869 427 1936 melius
450 1869 651 1936 constituere
670 1867 925 1954 poteritquam
949 1873 1045 1954 pater
1068 1874 1102 1932 ct
1125 1867 1279 1932 sacerdos
1302 1869 1358 1932 cui
1382 1867 1435 1932 itii

302 1986 510 2069 confitentur
524 1991 683 2068 peccata,·
707 1982 752 2045 ad
776 1981 851 2046 iiioa
871 1982 960 2046 enim
980 1981 1129 2067 pertinet
1153 1981 1332 2066 explorare
1355 1988 1390 2047 et
1414 2004 1434 2046 a

305 2097 419 2183 pueris
433 2095 635 2184 percontari,
648 2117 691 2160 an
708 2095 808 2184 hujus
828 2094 1035 2160 admirabilis
1051 2096 1254 2161 sacramenti
1268 2096 1435 2183 cognitio·

306 2232 385 2274 nem
409 2209 556 2296 aliquam
581 2210 774 2296 acceperint
797 2216 831 2274 et
854 2216 993 2296 gustum
1017 2208 1194 2275 habeanti.
1227 2237 1242 2269 n
1270 2207 1354 2288 Quae
1381 2218 1435 2276 est
1500 2271 1504 2276 .

300 2323 509 2410 caeteroquin
529 2322 681 2388 doctrina
700 2324 919 2389 communis&
933 2362 977 2373 —
990 2325 1169 2405 Attamen,
1187 2324 1222 2387 in
1241 2323 1359 2390 multis
1379 2347 1434 2390 re-

299 2435 477 2524 gionibus,
499 2458 623 2502 munus
638 2436 840 2502 admittendi
859 2460 983 2526 pueros
1002 2437 1045 2502 ad
1058 2437 1204 2524 primam
1222 2439 1436 2504 communio-

304 2573 398 2631 nem,
416 2551 451 2615 vi
468 2551 740 2632 consuetudinis,
757 2551 929 2617 exclusive
949 2557 1159 2617 reservatum
1178 2559 1231 2617 est
1250 2553 1431 2640 parochis:

299 2687 378 2753 quae
398 2663 624 2747 consuetudo,
641 2672 760 2752 utpote
780 2665 926 2730 maxime
946 2664 1144 2746 laudabilis,
1167 2666 1342 2732 retinenda
1358 2674 1431 2749 est,

301 2785 341 2844 ut
360 2785 482 2846 noiant
501 2779 725 2845 communiter
745 2778 930 2844 doctorese

397 3097 416 3170 ἓ
435 3096 468 3154 3.
490 3097 543 3154 De
563 3095 647 3167 lure
671 3095 894 3167 particulari
915 3094 1047 3152 Gallice
1065 3094 1168 3154 cirea
1186 3099 1334 3153 aetatem

579 3189 625 3244 ad
645 3187 808 3259 primam
828 3187 1147 3245 communionem.

347 3419 441 3489 164.
461 3459 505 3468 -
523 3421 596 3490 ius
617 3423 857 3508 particulare
881 3421 1019 3492 Galliae
1039 3423 1171 3512 quoad
1195 3429 1352 3492 aetatem
1377 3425 1431 3493 ad

296 3535 471 3622 primam
491 3537 823 3605 communionem.

346 3653 380 3714 i⁰
394 3649 497 3715 Notio
518 3650 730 3737 istiusjuria.
755 3689 799 3700 -
821 3650 859 3714 ln
879 3650 1007 3733 Gallia,
1029 3651 1141 3740 pueri,
1168 3653 1202 3716 in
1223 3675 1430 3741 unaquaque

298 3763 473 3849 parochia,
496 3787 625 3828 sacram
647 3765 919 3829 communionem
938 3765 1047 3852 prima
1066 3767 1139 3831 vice
1160 3767 1339 3853 recipiunt,
1357 3790 1429 3832 nou

329 3958 338 3992 ¹
358 3957 555 4015 Gntectriemne,
572 3962 634 4016 etc„
650 3958 692 4008 cd.
709 3957 811 4021 Gagey,
826 3959 920 4022 Dijon,
937 3963 1011 4017 1865,
1028 3963 1047 4008 t.
1062 3975 1083 4018 r,
1100 3975 1126 4022 p.
1143 3963 1207 4008 iii..
1267 3952 1274 3968 '

328 4038 339 4073 ²
355 4037 395 4086 Gi.
412 4038 493 4088 eiiam
508 4037 618 4097 Suarez,
636 4037 686 4086 too.
702 4036 758 4097 cit,
772 4039 841 4102 disp.
857 4039 940 4098 Lxx,
955 4043 1022 4088 sect.
1038 4057 1060 4100 1,
1077 4055 1102 4088 n.
1119 4043 1143 4088 i.

327 4119 338 4154 ³
355 4117 394 4166 Gi.
404 4119 437 4166 dc
446 4117 570 4180 Angelis,
580 4118 606 4166 in
618 4118 661 4169 tit.
669 4118 707 4168 De
714 4119 868 4182 parochiis,
878 4135 903 4168 n.
914 4125 927 4166 5
939 4119 1154 4183 (Praeiectioner,
1164 4121 1227 4182 etc..
1241 4123 1342 4182 Romae,
1353 4127 1425 4183 1878,

294 4201 316 4246 t.
335 4213 366 4256 n,
384 4212 446 4260 pars
465 4197 501 4259 ii,
520 4213 547 4261 p.
568 4199 626 4262 =i5);
650 4225 677 4235 -
699 4199 821 4258 Borardi‚
841 4199 879 4248 De
894 4200 1030 4264 parocho,
1050 4216 1077 4249 n.
1098 4205 1156 4262 758,
1180 4202 1328 4260 Faventia,
1348 4207 1424 4261 1890,

295 4291 323 4337 p.
341 4279 394 4324 ais.
