3224 5044
1149 19 1603 149 ’Ἧ-

309 525 358 578 ΙΙΙι
792 525 836 574 m:
855 525 952 576 lllssn

307 669 403 736 balas
427 670 604 735 doctorum
628 667 836 755 opinionest.
859 707 902 717 —
922 667 1029 748 Hinc,
1052 665 1192 732 missam
1211 666 1259 732 sic
1284 666 1437 732 debitam

306 791 340 849 et
358 783 417 848 uni
442 783 498 848 vel
522 781 677 870 pluribus
701 782 907 870 applicatam
931 781 965 846 vi
988 781 1225 869 promissionis
1246 803 1338 846 mere
1357 805 1437 868 gra-

305 897 415 979 tuitae,
448 896 605 961 sacerdos
633 902 746 984 potest
776 896 819 961 ad
848 895 949 960 aliam
975 894 1215 976 intentionem,
1246 897 1349 960 etiam
1366 917 1436 980 pro

306 1019 435 1098 recepto
457 1011 639 1097 stipendio,
669 1009 853 1098 applicare,
876 1009 976 1074 modo
1001 1015 1115 1074 tamen
1139 1033 1200 1097 pro
1224 1007 1288 1074 hac
1312 1008 1436 1074 ultima

305 1125 522 1212 obligatione,
545 1147 620 1212 quae
640 1129 692 1188 est
706 1123 905 1210 csjnstitirr,
922 1123 1064 1188 missam
1081 1123 1230 1210 applicet
1242 1121 1435 1188 intentione

300 1241 481 1324 primaria,
504 1261 564 1326 pro
584 1237 659 1303 aliis
678 1244 792 1303 autem
811 1237 999 1304 intentione
1018 1237 1249 1302 secundaria&

350 1355 383 1418 3⁰
407 1352 441 1418 Si
465 1352 623 1418 sacerdos
646 1350 839 1440 promiserit
865 1351 1003 1416 missam
1026 1349 1250 1440 promissione
1273 1373 1433 1434 onerose,

304 1489 378 1553 quae
415 1465 555 1553 proinde
593 1471 744 1530 transeat
776 1465 810 1528 in
846 1472 1057 1532 contractum
1095 1464 1324 1545 bilateralem,
1361 1465 1434 1530 haee

303 1579 407 1644 missa
430 1577 653 1666 intelligenda
676 1584 728 1643 cst
751 1585 790 1643 ut
815 1578 916 1644 modo
946 1576 1100 1642 dicebam
1121 1576 1163 1642 dc
1188 1577 1292 1642 missa
1315 1577 1435 1644 debita

303 1691 433 1758 ratione
447 1694 607 1780 praecepti
630 1693 827 1778 superioris.
853 1731 898 1740 -
923 1692 1027 1772 Nam,
1050 1715 1128 1756 cum
1152 1691 1206 1755 hie
1224 1691 1434 1756 interveniat

303 1805 388 1871 ratio
404 1805 546 1893 justitiae
566 1805 735 1894 exigentis
752 1805 990 1870 certitudinem
1010 1811 1044 1870 et
1062 1805 1304 1894 aequalitatem,
1320 1829 1433 1871 sacer-

303 1919 365 1985 dos
385 1943 453 1986 non
472 1926 585 2008 potest
605 1942 674 1984 suae
698 1917 897 2006 obligationi
921 1918 1133 2001 satisfacere,
1155 1919 1220 1984 nisi
1238 1941 1299 2007 per
1318 1921 1430 2005 appli-

302 2035 465 2099 cationem
485 2042 611 2098 certam
631 2034 737 2097 missae
756 2055 834 2096 cum
852 2034 923 2098 auia
937 2034 1095 2098 carnibus
1108 2034 1294 2120 fructibus.
1316 2033 1429 2105 Unde.

302 2147 383 2212 licet
402 2169 471 2211 non
490 2153 611 2232 agatur
636 2147 702 2212 nisi
725 2146 767 2212 de
791 2170 858 2212 una
879 2147 999 2229 missa,
1025 2145 1188 2235 obligatio
1208 2154 1261 2214 est
1278 2149 1429 2234 grevis³‚

299 2260 399 2348 juxta
432 2259 660 2346 supradictam
693 2263 745 2344 (ιι.
785 2262 858 2350 47)
891 2284 1107 2326 communem
1137 2261 1344 2350 opinionem.
1385 2301 1429 2312 -—

305 2371 508 2460 Exemplum
540 2381 593 2439 est
623 2373 657 2438 in
684 2374 754 2440 illis
784 2375 849 2463 piis
880 2373 1094 2441 sacerdotum
1125 2375 1428 2458 associationibuS‚

301 2509 386 2575 quas
401 2485 505 2552 libere
521 2487 658 2576 quidem
673 2487 910 2575 ingrediuntur
924 2488 1129 2571 sacerdotes
1147 2489 1219 2571 sed,
1237 2489 1265 2555 si
1283 2491 1430 2578 ingressi

302 2601 385 2682 sint,
408 2607 567 2666 tenentur
586 2601 629 2666 ad
649 2607 792 2686 statuta,
810 2602 911 2690 juxta
930 2627 1021 2692 qum,
1044 2603 1205 2669 defuncto
1224 2627 1293 2669 uno
1313 2603 1427 2682 socio,

301 2715 425 2804 singuli
445 2715 598 2785 ‘viventes
613 2739 716 2781 unam
730 2716 869 2781 missam
883 2739 945 2805 pro
961 2717 1035 2805 ipso
1048 2719 1218 2806 applicare
1232 2723 1426 2784 teneantur.

300 2829 469 2914 -Hinc,
496 2829 636 2895 missam
662 2830 710 2894 sie
734 2830 883 2895 debitam
899 2837 933 2896 ct
951 2831 1156 2919 applicatam
1175 2832 1208 2897 vi
1228 2833 1429 2921 promissio-

301 2943 354 3009 nis
374 2967 543 3028 onerosas,
565 2943 723 3010 sacerdos
742 2967 811 3010 non
825 2951 937 3032 potest
952 2945 995 3010 ad
1010 2945 1111 3012 aliam
1126 2946 1352 3012 intentionem
1364 2969 1427 3035 pro

301 3065 436 3145 recepto
456 3057 625 3146 stipendio
644 3057 825 3146 applicare.
1080 3139 1084 3148 Ι

345 3169 379 3235 4⁰
398 3171 448 3235 De
472 3171 576 3236 missa
600 3171 712 3237 debita
737 3173 866 3238 ratione
891 3174 974 3258 voti,
1000 3172 1091 3238 idem
1115 3173 1296 3240 dicendum
1315 3181 1369 3240 est
1388 3199 1429 3241 ac

301 3283 342 3348 de
373 3283 477 3348 missa
508 3282 621 3350 debita
652 3286 782 3351 ratione
808 3288 969 3373 praecepti
975 3337 986 3372 ,
1018 3287 1084 3353 nisi
1118 3287 1210 3354 aliud
1240 3287 1429 3354 intenderit

301 3417 440 3460 vovens,

407 3609 426 3685 ἓ
445 3611 480 3668 6.
501 3611 554 3668 De
573 3611 761 3683 stlpendto
780 3611 908 3670 mtssm
928 3613 969 3670 tn
989 3628 1066 3671 una
1085 3613 1146 3672 dle
1165 3614 1322 3674 lteratae.

346 3797 412 3867 58.
433 3837 476 3847 —
500 3797 724 3868 Prohibitio
748 3798 922 3886 duplicis
946 3799 1151 3888 stipendii.
1176 3839 1220 3849 --
1239 3801 1367 3885 Hodie,
1396 3803 1428 3868 υἱ

299 3913 548 3977 consuetudinis
582 3935 657 3999 quae
694 3913 827 3978 videtur
860 3914 895 3978 in
927 3913 1102 4001 plerisque
1135 3915 1228 3980 orbis
1264 3917 1428 4000 partibus

331 4083 338 4116 ¹
360 4081 445 4144 Gury,
467 4084 538 4142 tn,
559 4097 584 4132 ιι.
608 4087 667 4142 37ος
688 4109 715 4118 -
741 4083 914 4144 (ΓΑιιιιίΙιιιΙε,
940 4084 989 4133 loc.
1013 4081 1074 4144 cita
1098 4111 1124 4120 -
1149 4085 1292 4148 Gasparri,
1316 4101 1341 4134 n.
1365 4091 1424 4146 ott,

299 4163 342 4209 t.1
395 4165 471 4210 ,loa

329 4177 479 4290 ’lliillmini
495 4241 521 4290 lu
537 4241 623 4306 Gury,
639 4244 659 4291 t.
676 4257 706 4302 ιι,
721 4257 747 4290 ιι.
763 4245 822 4301 352;
844 4269 869 4279 -
886 4243 1014 4306 Gasparri
1027 4245 1054 4294 et
1069 4241 1244 4304 d'Annibale,
1259 4244 1308 4294 loc.
1324 4243 1371 4294 cir,

330 4321 340 4354 ³
355 4319 430 4369 Licet
444 4335 497 4369 non
512 4322 582 4371 desit
596 4323 641 4384 qui
657 4325 735 4385 putot
750 4337 809 4370 esse
825 4322 917 4372 levem.
