3246 5026
320 466 372 521 ³24
622 468 666 520 DE
685 465 903 518 snucrlssluo
921 466 1144 518 SACRAMENTO
1165 415 1190 452 ο

314 612 483 695 poculum,
501 610 612 672 missas
629 617 767 671 tractare
781 617 835 670 aut
853 609 884 669 in
903 609 1049 684 ecelesia,
1068 608 1142 670 dum
1163 609 1265 670 missae
1284 610 1447 684 dicuntur,

319 728 400 780 stare
414 718 441 790 ¹3
458 741 473 774 »
495 753 535 760 -
557 719 585 777 2.
611 715 708 776 Cone.
734 715 964 776 Matisconense
987 714 1033 788 ll,
1049 735 1099 775 an.
1125 715 1200 784 585,
1224 737 1292 776 ean.
1316 717 1351 789 6,
1378 717 1445 778 ait:

319 849 333 878 ι(
352 821 570 894 Decernimus,
587 827 620 880 ut
634 820 739 880 nullus
752 819 915 901 presbyter
928 819 1090 900 consertus
1105 817 1176 880 cibo
1190 827 1245 882 aut
1260 821 1448 902 crapulatus

319 928 389 990 vine
409 925 557 988 sacrificia
580 933 774 986 contrectare
797 931 851 986 aut
877 925 986 984 missas
1009 923 1138 1006 privatis
1161 925 1310 1006 testisque
1334 926 1448 989 diebus

317 1030 536 1094 concelebrare
549 1037 734 1110 praesumat;
750 1029 901 1111 injustum
915 1037 963 1090 est
979 1028 1060 1089 enim
1076 1037 1111 1088 ut
1127 1029 1280 1110 spirituali
1295 1029 1447 1093 alimento

317 1135 479 1220 corporale
492 1144 716 1218 praesumatur,
731 1134 784 1195 sed
799 1133 823 1194 si
837 1135 906 1215 quis
919 1133 979 1194 hoe
992 1141 1145 1194 attentare
1161 1135 1331 1210 curaverit,
1346 1113 1448 1215 digni·

317 1252 413 1305 tatem
427 1241 550 1303 amittat
568 1239 736 1314 henoris²;
757 1263 771 1295 a
791 1247 822 1300 et
839 1239 951 1300 recitat
968 1259 1061 1320 supra
1079 1239 1211 1300 relatum
1229 1261 1379 1302 canonem
1393 1243 1445 1316 29,

243 1417 246 1422 ,
317 1370 405 1410 conc.
421 1344 675 1424 Carthaginensis
694 1345 738 1404 lll
751 1363 758 1418 ;
772 1380 811 1389 -
825 1345 855 1406 3.
871 1343 1043 1424 Gregorius
1057 1345 1261 1418 Turonensis,
1278 1345 1324 1406 De
1338 1345 1448 1428 pluria

317 1461 508 1536 martyrum,
523 1477 550 1516 c.
564 1473 693 1526 cxxxvii,
705 1450 889 1511 miraculum
904 1457 1020 1524 narrat,
1035 1451 1122 1530 quasi
1136 1451 1167 1510 in
1181 1450 1319 1511 divinam
1332 1472 1448 1532 appro-

317 1559 473 1620 bationem
496 1559 626 1640 hujusce
648 1555 884 1617 consuetudinis
901 1555 1012 1636 jejunii
1033 1555 1256 1616 eucharistici:
1282 1581 1297 1611 «
1379 1557 1447 1620 Nec

316 1664 439 1726 dubitat
458 1664 562 1738 miser,
579 1663 653 1724 vino
673 1661 883 1735 madefactus,
902 1668 1048 1741 appetere
1065 1660 1149 1743 qued
1163 1659 1292 1742 jejunus
1311 1663 1447 1748 quisque

316 1790 379 1830 non
394 1769 459 1830 sine
472 1775 556 1830 metu
573 1773 676 1850 potest
690 1770 826 1827 terrente
842 1765 1032 1827 conscientia
1048 1765 1239 1846 explicare...
1252 1767 1275 1828 ³.
1293 1793 1307 1824 »

356 1875 395 1936 D.
413 1875 529 1936 Romae.
549 1911 589 1919 -
608 1874 642 1933 ln
660 1873 744 1933 Urbe
764 1872 871 1933 eadem
892 1871 1087 1934 consuetudo
1106 1871 1247 1950 vigebat,
1266 1872 1446 1953 etquidem

207 2013 212 2023 ·
315 1981 393 2042 adeo
406 1981 524 2055 stricte,
540 1988 575 2040 ut
588 1979 713 2060 quando
727 1978 819 2039 Rem.
836 1977 980 2037 Pontifex
999 1997 1059 2036 una
1077 1977 1126 2036 die
1144 1976 1221 2038 duas
1238 1978 1347 2038 missas
1364 1978 1446 2040 eele-

315 2089 460 2148 braturus
486 2093 567 2159 erat,
591 2085 636 2144 illi
663 2090 852 2165 praeceptum
878 2091 959 2155 erat,
989 2103 1026 2141 ne
1053 2091 1125 2163 post
1150 2083 1285 2163 priorem
1317 2083 1444 2145 missam

315 2213 349 2252 os
374 2189 545 2250 ablueret:
575 2188 658 2270 qued
682 2195 815 2248 testatur
837 2185 1129 2248 Sacramentarium
1153 2186 1401 2270 Greperianum,
1425 2211 1444 2251 a

314 2293 467 2356 Menardo
494 2293 628 2366 editum,
657 2293 715 2353 sub
742 2291 887 2352 rubrica:
916 2290 1037 2374 Vipilia
1063 2290 1120 2353 SS.
1150 2291 1241 2352 Petri
1265 2299 1295 2353 et
1320 2293 1444 2354 Pauli:

316 2426 330 2456 ι(
347 2398 478 2469 Quando
492 2397 691 2479 Apostolieus
704 2397 781 2458 duas
795 2397 903 2458 missas
916 2396 1052 2457 celebrat
1065 2418 1126 2458 una
1138 2397 1200 2472 die,
1216 2397 1364 2460 intereas
1378 2419 1444 2460 nou

315 2505 398 2568 lauat
413 2525 461 2582 es,
480 2503 538 2563 nisi
557 2511 628 2584 post
645 2503 799 2576 officium3
819 2503 872 2562 sed
891 2502 1008 2583 absque
1025 2501 1202 2576 intervallo,
1217 2504 1303 2564 linita
1321 2505 1441 2584 priore,

313 2609 462 2691 incipitur
482 2609 580 2669 altera
595 2609 617 2669 ⁴.
635 2633 650 2666 a
670 2643 711 2654 ·-
734 2609 768 2667 ln
791 2609 854 2668 suis
880 2605 1038 2688 responsis
1057 2607 1095 2667 ad
1122 2607 1290 2687 Bulgaros,
1318 2629 1346 2669 e.
1373 2631 1441 2684 axv,

314 2715 461 2776 Nicotaus
477 2714 489 2773 l
504 2714 610 2774 stricte
627 2713 751 2774 intimat
769 2713 868 2792 legem
879 2712 1006 2794 jejunii,
1022 2713 1070 2772 his
1084 2712 1185 2772 verbis
1200 2731 1207 2772 :
1226 2739 1241 2768 u
1256 2714 1344 2774 Tune
1356 2722 1443 2776 recte

314 2842 377 2882 non
394 2820 467 2882 lieet
484 2819 612 2880 cuilibet
627 2818 878 2879 communionem
892 2817 1007 2878 Christi
1026 2818 1199 2898 percipere,
1214 2819 1341 2900 quando
1358 2819 1442 2898 gulae

313 2927 437 2988 deditus
450 2947 513 2987 non
526 2925 684 2984 invenitur
693 2922 835 3004 jejunae,
850 2923 927 2983 adeo
941 2930 990 2996 ut,
1006 2923 1167 3003 mysticam
1181 2944 1317 2984 mensam
1335 2925 1442 3005 parvi-

314 3033 468 3114 pendens,
496 3031 581 3112 prius
607 3029 668 3089 cibi
695 3029 763 3088 laici
791 3035 917 3109 sumptu
940 3027 1095 3110 jejunium
1125 3028 1254 3088 solvisse
1283 3029 1440 3104 videatur,

314 3137 491 3218 Christique
504 3133 715 3194 venerandum
729 3153 841 3214 eorpus
856 3153 892 3193 ac
908 3134 1079 3213 pretiosum
1093 3133 1273 3212 sanguinem
1288 3155 1305 3194 a
1318 3137 1442 3195 cacteris

313 3261 376 3301 non
395 3240 574 3300 discernens
593 3239 763 3313 alimentis,
786 3259 848 3298 non
869 3237 1074 3319 praeposuisse
1094 3237 1178 3298 omni
1198 3238 1341 3300 humanae
1359 3240 1442 3300 reie-

313 3344 424 3419 ctioni,
441 3344 495 3404 sed
510 3344 721 3424 postposuisse
737 3342 915 3404 noscatur⁵.
934 3367 948 3400 n

353 3453 385 3509 2⁰
413 3447 450 3509 ln
485 3447 631 3510 Ecclesia
666 3447 825 3510 orientali.
859 3483 898 3492 -
934 3447 1003 3508 lam
1039 3447 1214 3508 audivimus
1254 3455 1349 3510 testes
1381 3471 1440 3530 pro

314 3555 428 3617 saeculo
452 3573 498 3630 rv;
522 3553 619 3634 magis
640 3561 744 3614 autem
767 3574 803 3614 ac
824 3553 920 3632 magis
942 3551 1073 3612 dillusus
1095 3559 1142 3612 est
1162 3553 1194 3614 in
1221 3553 1279 3614 hac
1300 3553 1438 3615 Ecclesia

345 3727 353 3760 ¹
370 3727 470 3786 Bruns,
487 3723 621 3783 Concilio,
640 3729 659 3772 t.
676 3740 706 3780 n,
723 3738 749 3785 p.
767 3727 820 3770 239.

343 3803 450 3864 ²lbid.,
468 3820 495 3868 p.
512 3809 566 3852 251.

344 3885 473 3946 ³hligne,
491 3885 520 3934 P.
537 3885 576 3941 L.,
593 3886 613 3934 t.
629 3899 700 3944 nxxr,
716 3883 767 3933 col.
785 3887 838 3930 782.

342 3963 676 4024 ⁴1bid.,t.1.xxvnr,col.
694 3968 751 4022 123;
768 3962 802 4012 cl.
819 3961 870 4011 col.
887 3965 940 4010 395.

344 4045 472 4108 ⁵Migne,
489 4044 518 4094 Ρ.
535 4045 574 4102 L,
596 4047 615 4093 t.
631 4057 703 4102 eux,
720 4043 771 4091 col.
789 4047 857 4091 tuot.
875 4069 902 4078 -
919 4041 997 4089 Unde
1018 4040 1173 4104 Stephanus
1188 4042 1227 4102 ll,
1246 4043 1325 4106 epist.
1342 4059 1377 4104 rr,
1393 4045 1436 4094 Ad

311 4125 458 4190 Pippinum
478 4139 581 4188 repom,
603 4137 729 4172 excessus
748 4123 832 4172 dettet
851 4120 1092 4184 Longobardorum
1112 4123 1157 4185 qui
1178 4137 1282 4174 sacram
1303 4123 1434 4174 Euchari-

311 4207 390 4255 stiam
414 4225 425 4249 a
443 4205 506 4253 cibo
528 4204 649 4253 earnium
677 4201 788 4265 copioso
817 4202 930 4252 saturati
959 4201 1178 4252 comedebant».
1205 4204 1308 4266 Migne,
1335 4203 1365 4253 P.
1391 4205 1434 4262 L.,

311 4289 330 4334 t.
347 4299 452 4343 cxxxix,
466 4283 518 4333 eol.
535 4287 603 4332 1000.
