3246 5026
616 549 818 602 oocuttENTa
1227 551 1278 604 387

154 694 281 756 calicem
298 693 367 753 velo
383 693 552 774 cooperiet,
566 693 766 776 velatumque
779 701 875 774 ponet
890 713 983 775 super
998 695 1158 776 corporale
1173 705 1281 756 exten-

154 812 234 852 sum.
252 790 405 850 Absoluta
428 789 536 862 missa,
558 789 582 848 si
607 788 690 849 nulla
713 789 744 850 in
767 790 895 850 ccclesia
919 790 958 850 sit
980 791 1135 865 sacristia,
1152 792 1279 864 calicem

155 887 264 948 eodem
288 885 381 946 modo
406 906 500 966 super
523 885 619 945 altare
643 884 814 967 relinquet,
841 907 929 946 secus
953 907 1028 947 vero
1052 887 1083 946 in
1108 888 1280 948 sacristiam

155 973 286 1056 deleret,
304 981 409 1062 ibique
425 1002 518 1062 super
532 981 694 1062 corporale
709 981 758 1041 vel
775 982 888 1062 pallam
904 981 935 1041 in
951 982 1056 1064 aliquo
1072 984 1142 1046 loeo
1157 984 1281 1045 decenti

156 1088 186 1140 et
207 1080 313 1139 clauso
333 1077 516 1149 collocabit,
538 1097 636 1157 usque
657 1076 694 1136 ad
711 1077 879 1138 secundam
896 1078 1039 1152 missam;
1057 1080 1089 1139 in
1111 1101 1188 1160 qua,
1209 1101 1281 1140 cum
1315 1139 1318 1146 ,

157 1175 267 1237 eodem
289 1173 384 1235 calice
404 1173 450 1233 uti
470 1173 598 1246 debeat,
615 1172 704 1232 illum
724 1194 832 1232 rursus
852 1195 957 1236 secum
977 1174 1098 1236 deleret
1111 1176 1150 1236 ab
1166 1176 1282 1249 altare,

156 1293 192 1334 ac
215 1291 309 1352 super
329 1268 491 1351 corporale
513 1275 677 1329 extensum
699 1277 840 1350 reponet.
863 1268 942 1330 Cum
965 1277 1069 1331 autem
1091 1272 1124 1332 in
1146 1272 1281 1333 secunda

158 1368 253 1429 Missa
268 1365 413 1427 sacerdos
428 1365 466 1426 ad
486 1353 679 1426 ollertoriirm
699 1365 877 1440 devenerit,
895 1365 999 1428 ablato
1019 1367 1090 1428 velo
1110 1367 1148 1428 dc
1168 1368 1283 1440 calice,

157 1464 241 1524 hunc
256 1482 423 1544 parumper
437 1481 547 1522 versus
566 1481 662 1522 cornu
682 1462 829 1543 Epistolae
849 1461 1031 1536 collocabit,
1048 1463 1102 1524 scd
1118 1485 1180 1524 non
1196 1471 1283 1525 extra

158 1560 336 1641 corporale,
359 1559 502 1639 laetaque
523 1558 642 1618 Hostiae
658 1557 830 1632 oblatione,
853 1559 991 1634 cavebit,
1013 1581 1051 1620 ne
1071 1560 1283 1642 purificatorio

159 1663 300 1735 extergat
327 1655 472 1729 calicem,
497 1655 551 1714 scd
579 1675 649 1714 eum
677 1655 757 1715 intra
782 1655 944 1735 corporale
971 1657 1148 1738 relinquens
1173 1657 1286 1717 leviter

159 1751 287 1826 levabit,
304 1752 475 1832 vinumque
491 1759 522 1810 et
537 1771 649 1832 aquam
665 1751 766 1810 eidem
782 1757 872 1810 caute
888 1751 1043 1832 imponet,
1060 1773 1098 1812 ne
1114 1759 1210 1833 gutta·
1227 1753 1283 1812 ali·

160 1869 230 1931 quae
246 1848 285 1908 ad
301 1847 382 1908 labia
403 1847 500 1928 ipsius
520 1845 625 1906 calicis
641 1847 794 1918 resiliant,
812 1867 904 1928 quem
920 1846 1032 1908 deinde
1052 1848 1230 1908 nullatcnus
1245 1849 1286 1907 ab

154 1945 244 2004 'intus
260 1944 435 2004 abstersum
451 1963 537 2002 more
553 1942 645 2003 solito
662 1943 780 2003 offeret.
