3246 5026
326 502 378 556 386
812 503 856 553 DE
875 501 974 554 llllSSA

325 645 601 728 superastantibus
623 645 724 706 adhuc
743 645 807 704 vini
828 645 1007 727 speciebus,
1022 667 1061 707 ex
1075 645 1184 706 divino
1201 656 1358 729 praecepto
1371 671 1461 710 com-

325 744 402 824 pleri
418 741 521 803 debet.

365 837 570 900 Postmodum
590 838 744 900 Sacerdos
764 839 795 899 in
821 839 923 921 ipsum
943 839 1070 900 calicem
1093 847 1214 900 tantum
1234 840 1343 900 saltem
1363 862 1457 922 aqua¹

325 933 450 1012 tundat,
472 941 624 1016 quantum
647 935 732 1016 prius
754 935 817 994 vini
838 942 1001 1016 posuerat,
1023 955 1153 1016 eamque
1173 935 1395 998 circumactam
1416 959 1455 998 ex

323 1031 431 1092 eadem
448 1039 551 1112 parte,
568 1051 630 1112 qua
646 1031 677 1092 S.
697 1031 885 1110 Sanguinem
902 1031 1039 1104 biberat,
1056 1031 1087 1090 in
1103 1039 1246 1112 paratum
1265 1054 1318 1094 vas
1339 1033 1456 1094 demit-

322 1135 378 1188 tat.
403 1126 541 1188 Calicem
566 1127 697 1188 subinde
725 1128 827 1207 ipsum
852 1127 1065 1208 purificatorio
1089 1127 1187 1188 linteo
1213 1128 1386 1208 abstergat,
1416 1152 1455 1191 ac

324 1223 450 1284 demum
466 1223 637 1304 cooperiat,
650 1223 695 1283 uti
711 1222 787 1283 alias
803 1223 847 1297 fit,
860 1231 954 1304 atque
969 1223 1008 1283 ab
1023 1223 1114 1302 altari
1128 1222 1278 1284 discedat.
1293 1225 1453 1304 Depositis

322 1319 417 1379 sacris
440 1319 596 1393 vestibus,
619 1327 650 1380 et
667 1321 840 1400 gratiarum
868 1321 991 1380 actione
1017 1318 1189 1400 completa,
1213 1341 1333 1400 aquae
1355 1321 1453 1381 calice

320 1415 465 1489 dimissa,
488 1435 544 1496 pro
569 1436 673 1475 rerum
693 1416 865 1497 adjunctis,
887 1415 937 1476 vel
958 1415 996 1475 ad
1016 1415 1098 1475 diem
1119 1415 1290 1476 crastinum
1306 1425 1453 1478 servetur

320 1511 367 1586 (si
389 1531 501 1591 nempe
524 1533 561 1570 eo
583 1532 690 1571 rursus
714 1511 865 1572 Sacerdos
887 1511 994 1572 redeat
1017 1511 1141 1572 missam
1166 1511 1345 1584 habiturus)
1365 1521 1398 1573 et
1420 1513 1452 1574 in

322 1606 504 1688 exequenda
525 1606 740 1688 purificatione
761 1607 792 1666 in
812 1605 940 1667 calicem
960 1606 1161 1680 demittatur;
1179 1606 1228 1668 vel
1243 1609 1380 1688 gossipio
1396 1619 1453 1670 aut

321 1710 413 1784 stupa
435 1703 583 1784 absorpta
605 1701 826 1775 comburatur;
844 1703 893 1762 vel
916 1703 947 1762 in
970 1705 1120 1776 sacrario,
1142 1703 1167 1763 si
1189 1703 1243 1777 sit,
1265 1704 1452 1766 exsiccando

319 1799 534 1882 relinquatur,
551 1799 599 1859 vel
613 1799 791 1859 dimittatur
806 1798 838 1858 in
853 1799 1003 1879 piscinam
1017 1799 1038 1859 ¹.

358 1895 439 1957 Cum
454 1903 559 1957 autem
575 1896 670 1970 calix,
688 1916 750 1976 quo
766 1895 918 1955 Sacerdos
938 1896 1073 1975 primum
1093 1902 1140 1954 est
1156 1916 1246 1967 usus,
1265 1896 1450 1976 purificatus

315 1993 379 2073 jam
396 1993 450 2066 sit,
468 1993 492 2052 si
508 1993 562 2052 illo
577 1993 644 2074 ipso
665 2013 721 2073 pro
737 1991 832 2051 Missa
852 1990 948 2051 altera
968 1991 1122 2070 indigeat,
1140 2011 1210 2051 eum
1232 2011 1338 2052 secum
1361 1992 1449 2053 delc-

317 2095 380 2161 rat;
398 2109 487 2148 secus
503 2109 578 2148 vero
593 2089 625 2147 in
640 2088 737 2148 altera
753 2089 845 2147 missa
861 2087 985 2168 diverso
999 2087 1095 2148 calice
1111 2088 1156 2147 uti
1171 2087 1298 2168 poterit.

360 2183 406 2242 De
432 2184 546 2265 quibus
571 2185 717 2242 omnibus
744 2184 826 2244 lacta
856 2184 1057 2264 postmodum
1083 2183 1285 2244 Sanctissimo
1310 2185 1450 2245 Domino

317 2279 433 2339 Nostro
445 2279 500 2338 Pio
512 2278 604 2359 Papae
617 2279 660 2338 lx
670 2301 727 2360 per
742 2279 955 2361 subscriptum
966 2279 1172 2341 Secretarium
1184 2279 1268 2340 tideli
1283 2280 1448 2355 relatione,

318 2375 473 2436 Sanctitas
493 2375 555 2436 Sua
577 2374 801 2436 resolutionem
825 2375 928 2436 Sacrae
951 2376 1210 2456 Congregationis
1235 2397 1305 2436 cum
1326 2377 1449 2439 adnexa

319 2471 530 2532 lnstructione
545 2471 717 2553 approbare
734 2473 861 2552 dignata
877 2480 934 2534 est.
953 2473 1010 2532 Dic
1029 2476 1061 2530 ll
1080 2472 1186 2532 Martii
1205 2475 1291 2532 1858.

358 2659 462 2722 Cum'
477 2659 622 2743 superior
642 2658 675 2720 S.
695 2661 731 2720 R.
755 2661 790 2721 C.
808 2657 981 2720 Instructio
1003 2657 1133 2720 norrrrisi
1150 2681 1255 2720 casum
1277 2659 1445 2741 respiciat,

316 2779 379 2842 qno
390 2755 543 2820 Sacerdos
554 2756 634 2817 duas
649 2755 762 2816 missas
777 2753 900 2816 dissitis
917 2754 949 2816 in
966 2753 1042 2814 locis
1056 2753 1162 2816 eadem
1180 2754 1232 2816 die
1247 2755 1289 2816 sit
1303 2756 1448 2818 celebra-

318 2862 422 2929 turus,
442 2868 542 2934 operae
555 2852 695 2934 pretium
713 2851 813 2912 cisum
829 2859 890 2929 est,
906 2873 945 2912 ec
959 2849 1195 2912 commentariis
1218 2852 1449 2914 Bartholomaei

318 2949 454 3012 Gauanti
468 2955 498 3010 et
512 2947 660 3030 Cajetani
675 2947 786 3009 ,llariae
799 2947 915 3009 ,llerati
929 2947 980 3008 laic
996 2946 1093 3007 ritum
1110 2945 1319 3030 adjungerea
1336 2948 1448 3008 Sacer·

316 3045 387 3106 dote
415 3042 620 3115 servandum,
652 3066 723 3104 cum
752 3052 918 3126 utramque
946 3042 1074 3104 missam
1109 3042 1143 3103 in
1174 3041 1282 3104 eadem
1310 3043 1445 3106 ecclesia

316 3141 432 3224 offerre
448 3139 550 3201 debet.

357 3239 425 3297 Hoc
440 3237 546 3319 itaque
562 3237 593 3295 in
608 3258 682 3298 casu
698 3237 843 3298 sacerdos
859 3243 931 3316 post
943 3235 1090 3296 haustum
1106 3237 1137 3295 in
1154 3237 1253 3315 prima
1267 3237 1361 3296 missa
1377 3235 1448 3297 dili-

316 3341 424 3412 genter
437 3333 626 3413 Sanguinem
640 3332 779 3404 Domini,
792 3332 907 3392 omissa
922 3339 1072 3392 consueta
1089 3331 1318 3412 purificatione,
1330 3339 1445 3412 patena

315 3429 442 3491 calicem
458 3437 489 3490 et
505 3427 585 3510 palla
601 3435 745 3509 patenam
767 3433 875 3507 tegens
895 3448 930 3488 ac
951 3447 1045 3508 super
1064 3427 1225 3508 corporale
1246 3427 1444 3509 relinquens,

314 3527 398 3588 dicct
423 3527 541 3608 junctis
569 3523 712 3586 manibus
737 3542 743 3585 :
776 3522 867 3598 Quod
895 3545 947 3584 ore
976 3522 1171 3606 sumpsimus
1200 3523 1350 3600 Domine,
1381 3531 1443 3584 ctc.

315 3622 435 3682 Deinde
456 3621 584 3700 digitos,
601 3621 715 3703 quibus
734 3621 788 3680 SS.
807 3621 1042 3680 Sacramentum
1065 3619 1183 3698 tetigit,
1199 3620 1231 3679 in
1251 3620 1357 3701 aliquo
1370 3641 1446 3681 vase

315 3718 432 3778 mundo
461 3717 500 3778 ad
528 3717 588 3776 hoc
617 3717 648 3776 in
676 3716 766 3776 altari
799 3722 976 3797 praeparato
1003 3715 1126 3788 abluet,
1154 3714 1280 3775 interim
1307 3715 1444 3776 dicens:

317 3813 438 3897 Corpus
459 3819 563 3890 tuum,
582 3811 730 3878 Domine,
753 3819 830 3884 etc.;
853 3811 1065 3892 abstersisque
1086 3811 1300 3892 purificatorio
1319 3811 1443 3891 digitis,

346 4001 354 4035 ¹
373 4000 425 4050 Vel
435 4014 494 4049 eam
507 4011 598 4048 secum
613 3999 739 4048 sacerdos
751 3997 856 4048 deferat
870 3999 904 4047 ad
919 3998 1238 4060 alteramccclesian1,in
1255 3998 1446 4062 purificatione

313 4082 439 4133 secundae
454 4081 544 4130 missae
561 4079 733 4140 sumendam;
748 4095 779 4128 cx
795 4093 926 4142 responso
942 4078 969 4128 S.
986 4079 1018 4128 n.
1037 4078 1146 4143 Congo,
1162 4079 1189 4127 in
1205 4078 1326 4128 Romana
1343 4075 1445 4126 Dubio-

315 4177 388 4221 rum,
405 4168 419 4210 9
435 4161 497 4211 maii
512 4165 587 4219 1899,
602 4159 637 4207 ad
651 4163 678 4218 ὃς
695 4159 808 4208 Decreta
823 4159 909 4216 autb„
927 4174 952 4208 n.
969 4163 1044 4218 3798,
1061 4161 1081 4208 t.
1098 4175 1139 4218 m,
1155 4175 1182 4223 p.
1199 4162 1252 4207 att.

344 4245 356 4279 ²
373 4243 433 4293 Hoc
447 4243 672 4300 additamentum,
686 4240 760 4304 quod
775 4239 941 4302 superiorem
957 4238 1168 4289 Instructionem
1180 4239 1312 4301 complet,
1326 4241 1403 4289 estat
1414 4241 1443 4288 in

314 4323 484 4373 collectanea
498 4323 524 4372 S.
541 4321 641 4385 congr.
657 4319 690 4370 de
706 4321 785 4384 Prop.
802 4319 880 4377 Fide,
894 4335 920 4368 ιι.
937 4324 995 4376 799,
1012 4319 1120 4378 Romae,
1137 4323 1211 4378 1893,
1228 4335 1254 4381 p.
1270 4323 1325 4367 999.
