3174 5046
290 453 321 503 l2
774 453 818 504 DE
838 453 936 504 mssa

286 605 426 662 cavetur
447 597 481 660 in
502 598 559 662 cit.
581 619 656 662 can.
680 597 913 662 Concedimuo.
936 597 1028 662 Nihil
1050 577 1163 662 autem
1183 596 1297 676 refert,
1324 595 1430 683 quod

289 711 351 775 iter
375 711 434 775 liat
452 733 512 798 per
535 711 608 776 loca
633 711 820 776 infidelium
842 719 900 777 aut
919 711 1172 793 haereticorum,
1194 709 1249 775 vel
1264 732 1323 797 per
1343 709 1430 774 loca

289 823 455 906 fidelium,
479 824 507 888 si
527 825 568 889 de
587 825 674 890 facto
695 825 808 890 desint
826 825 989 890 ecelesia.

333 959 360 1002 e.
383 935 422 1002 ln
444 938 568 1022 littore,
591 946 648 1003 aut
663 962 771 1024 prope
787 947 946 1024 portum,
962 937 995 1003 in
1016 938 1234 1004 commodum
1254 937 1431 1024 navigan-

290 1050 391 1132 tium,
415 1051 488 1140 qui,
510 1059 588 1116 ante
614 1051 666 1116 vel
691 1059 769 1138 post
793 1051 1000 1117 maritimum
1025 1051 1100 1133 iter,
1122 1051 1204 1116 alibi
1228 1049 1325 1115 facile
1350 1072 1432 1114 non

289 1171 432 1251 possunt
452 1165 566 1230 audire
587 1165 742 1244 missam3
763 1163 818 1229 hic
837 1188 935 1230 casus
954 1165 1074 1230 recidit
1093 1165 1128 1229 in
1146 1164 1298 1254 proxime
1320 1185 1428 1250 supe-

290 1277 424 1344 riorem.

333 1395 362 1476 f.
393 1393 431 1456 ln
458 1394 593 1474 cestrie,
616 1393 651 1456 in
682 1392 898 1457 commodum
926 1393 1091 1474 militum,
1121 1393 1333 1480 aliorumque
1360 1391 1430 1479 qui

290 1505 478 1570 exercitum
503 1506 724 1586 comitantur;
747 1505 847 1570 valde
873 1507 962 1570 eninr
987 1511 1078 1572 esset
1101 1505 1238 1570 difficile
1265 1504 1430 1594 pluribus

218 1677 221 1682 .
291 1617 437 1682 militum
459 1618 665 1704 legionibus,
688 1619 849 1684 ecclesias
869 1619 954 1685 sorte
975 1643 1037 1686 neo
1053 1620 1181 1686 vicinas
1205 1643 1267 1685 nec
1286 1619 1429 1707 amplas

291 1729 417 1796 adire¹.

337 1846 418 1910 Hrec
447 1846 576 1929 omnia,
608 1870 682 1935 quae
711 1848 936 1912 communiter
970 1839 1150 1912 traduntur
1178 1870 1196 1912 a
1223 1846 1428 1912 doctoribus

293 1959 345 2047 (v.
376 1987 425 2049 g.,
453 1985 471 2026 a
500 1960 695 2026 doctoribus
722 1985 822 2050 snpra
849 1961 1041 2048 allegatis),
1071 1960 1184 2048 palam
1209 1959 1357 2038 faciunt,
1383 1967 1427 2023 ut

292 2074 385 2139 licita
410 2074 570 2138 reddatur
594 2074 774 2139 celebratio
799 2083 896 2140 extra
920 2075 1080 2140 ecclesias
1101 2083 1135 2139 et
1154 2073 1316 2155 oratoria,
1333 2097 1427 2160 prm-

292 2188 406 2273 cipue,
437 2187 506 2251 imo
537 2187 635 2252 unice
668 2188 799 2254 attendi
833 2189 1077 2272 necessitatem,
1107 2197 1141 2254 et
1173 2187 1327 2276 quidem,
1350 2209 1425 2251 non

292 2300 393 2366 unius
413 2307 472 2365 aut
487 2323 687 2389 paucorum,
710 2302 840 2368 sedeat
860 2303 1060 2368 inultorum.

337 2415 373 2478 2⁰
393 2415 513 2494 Quoad
525 2417 595 2480 iiior
610 2416 857 2484 celebrationis,
877 2417 1016 2482 Certum
1032 2421 1084 2482 est
1101 2415 1318 2504 Episcopum,
1336 2439 1425 2503 prm-

292 2529 370 2594 latis
400 2529 434 2593 in
465 2529 615 2611 casibus,
650 2531 845 2618 permittere
874 2554 973 2619 posse
1003 2531 1128 2596 dietam
1157 2528 1424 2595 celebrationem

292 2641 412 2708 diebus
442 2645 618 2709 dominicis
649 2651 708 2710 aut
737 2647 834 2729 fertis
862 2647 903 2710 clo
927 2653 1115 2731 praecepto,·
1149 2645 1190 2709 de
1225 2667 1292 2732 quo
1325 2643 1424 2708 nulla

292 2765 500 2846 potestesse
525 2759 724 2840 difficultas,
755 2759 833 2847 quia
860 2765 941 2825 tnnc
973 2760 1119 2824 maxime
1153 2758 1343 2823 necessaria
1370 2764 1424 2822 est

293 2873 419 2938 auditio
442 2873 565 2938 missae.
594 2913 636 2922 —-
663 2873 755 2938 Num
779 2881 893 2938 autem
920 2875 1116 2960 permittere
1136 2872 1245 2959 possit
1271 2869 1423 2936 celebra-

292 2987 419 3052 tionem
440 2987 558 3052 diebus
578 2986 767 3067 ferialibuS,
790 3011 857 3052 non
878 2988 924 3052 ita
945 2986 1075 3051 clarum
1095 2993 1157 3050 est.
1181 2985 1357 3064 Attamen,
1380 3007 1424 3049 ex

292 3103 466 3165 communi
491 3101 643 3166 doctrina
667 3101 762 3188 (vide
782 3101 882 3187 alleg.
911 3102 1088 3188 doctores)
1114 3105 1148 3163 et
1176 3121 1218 3163 ex
1241 3121 1322 3180 usu,
1345 3121 1423 3184 per-

293 3213 427 3277 mittere
456 3219 570 3300 potest
589 3213 692 3278 etiam
715 3213 768 3278 his
794 3212 930 3294 diebus,
957 3213 1092 3300 quando
1122 3211 1237 3298 gravia
1265 3211 1422 3300 quaedam

294 3325 453 3413 adjuncta
469 3325 581 3390 missar
601 3323 865 3392 celebrationem
880 3326 1027 3390 reddunt
1047 3325 1161 3413 aliquo
1181 3323 1283 3389 modo
1303 3346 1421 3389 neces-

294 3439 433 3520 sariam,
455 3464 488 3505 v.
511 3463 560 3526 g,
583 3447 661 3504 ante
683 3441 908 3528 periculosam
928 3440 982 3506 vel
1009 3447 1088 3528 post
1114 3439 1253 3526 longam
1280 3437 1422 3524 naviga-

294 3555 437 3634 tionem,
460 3561 538 3618 ante
557 3549 739 3618 imminens
754 3553 925 3640 praelium,
947 3561 1011 3619 etc.

340 3775 379 3842 7.
399 3813 442 3822 -
462 3773 663 3852 Quaeritur
687 3774 726 3841 2⁰
744 3773 858 3856 Num,
882 3773 914 3838 in
931 3773 1088 3859 praefatis
1107 3771 1258 3853 casibus,
1275 3770 1422 3872 petenda

293 3888 337 3952 sit
356 3888 516 3974 Episcopi
537 3888 699 3952 licentio?

338 4003 460 4088 Resps
482 4005 514 4066 l⁰
537 4001 614 4066 Non
638 4001 846 4066 conveniunt
869 4000 1041 4080 doctores;
1069 3998 1128 4064 alii
1152 4021 1219 4063 non
1244 3995 1422 4085 requirunt

231 4209 237 4218 ·
327 4189 333 4222 ¹
352 4189 494 4252 privilegia
508 4205 569 4252 qum
585 4187 683 4238 Sancta
699 4187 782 4236 Sedes
801 4185 935 4235 concessit
950 4181 1097 4248 capellanis
1111 4185 1227 4234 militum
1245 4183 1334 4246 quoad
1352 4183 1422 4230 cele-

295 4270 445 4318 brationem
461 4271 487 4317 in
503 4269 613 4327 castriS,
628 4283 682 4317 non
698 4267 798 4316 tollunt
811 4279 859 4315 nec
875 4265 999 4315 minuunt
1014 4266 1178 4328 potestatem
1194 4263 1399 4326 Episcoporum.
