3180 5024
317 519 370 575 26⁰
800 520 843 570 DE
862 520 962 572 mssa

315 667 334 730 1
354 687 432 751 aug.
456 662 558 743 1893,
580 661 623 728 ad
646 663 710 728 hoc
729 663 909 750 quaesitum
929 682 937 729 :
956 691 975 725 a«
1004 665 1061 730 An
1089 688 1216 753 urgens
1241 666 1308 732 dici
1327 675 1434 756 potest

312 779 496 846 necessitas
516 777 551 842 in
570 799 651 842 casu
670 801 737 866 quo
757 777 915 842 sacerdos
934 787 1188 845 sacrosanctum
1204 780 1316 846 missa
1335 785 1434 848 sacri·

312 893 425 958 licium
444 890 614 956 celebrare
631 911 700 956 non
719 897 848 977 potest3
871 890 963 979 quod
982 893 1122 958 minime
1141 895 1370 960 necessarium
1384 907 1432 963 est

237 1051 252 1074 .
310 994 420 1096 neque
440 1005 483 1072 ad
503 1011 753 1071 sacramentum
773 1028 834 1092 pro
854 1004 987 1070 infirmo
1014 1007 1279 1090 conficiendum,
1306 1033 1370 1076 nec
1391 1014 1430 1077 ad

309 1127 516 1210 praeceptum
547 1119 774 1208 implendum,
803 1147 819 1180 »
849 1120 1114 1207 respondisset:
1149 1149 1164 1183 α
1192 1123 1386 1208 Nepatioe¹‚
1414 1155 1428 1186 n

308 1242 443 1326 postea,
480 1233 578 1299 novis
608 1233 793 1320 propositis
829 1234 983 1316 motivis,
1026 1237 1231 1302 sententiam
1269 1241 1425 1315 mutavit,

306 1350 500 1438 scriptaque
525 1347 668 1436 epistola
697 1345 740 1412 ad
766 1347 962 1435 episcopum
989 1347 1257 1432 Cadurcensern‚
1293 1375 1438 1442 respon,

304 1464 372 1544 dit,
394 1463 448 1528 die
469 1461 509 1526 12
524 1461 596 1548 jan.
620 1459 704 1527 1891
724 1479 731 1526 :
753 1487 769 1522 a
793 1461 929 1527 Praelati
944 1463 1010 1528 diei
1031 1463 1068 1550 (1
1088 1486 1166 1551 aug.
1189 1463 1293 1553 1893)
1315 1469 1425 1533 rescri-

301 1585 399 1666 ptum
425 1599 492 1640 non
521 1598 595 1641 esse
621 1575 812 1642 executioni
835 1575 1100 1658 mandandum²;
1126 1605 1142 1639 u
1161 1617 1206 1626 —
1225 1579 1258 1645 2.
1287 1581 1424 1661 Quando

300 1690 458 1760 sacerdos
476 1689 527 1756 uti
545 1691 679 1778 cogitur
697 1689 886 1755 ministerio
900 1691 1053 1782 mulieris
1067 1693 1317 1779 respondentis,
1334 1704 1423 1761 curat

298 1814 337 1873 ut
362 1804 426 1872 sibi
451 1811 530 1871 ante
558 1803 697 1868 missam
722 1811 954 1892 praeparentur
979 1827 1019 1870 ea
1045 1806 1159 1870 omnia
1183 1829 1260 1895 quae
1283 1809 1326 1874 ad
1349 1832 1422 1874 san-

297 1927 388 1987 ctum
419 1919 619 1986 sacrificium
645 1917 835 1983 necessaria
863 1925 959 2001 sunt,
983 1943 1017 1984 v.
1045 1939 1094 2006 3.,
1129 1921 1274 2002 urceoli,
1311 1923 1358 1988 ita
1387 1931 1421 1988 ut

296 2035 430 2100 mulieri
448 2057 516 2098 non
536 2033 580 2098 sit
598 2032 827 2098 accedendum
846 2032 890 2098 ad
907 2017 1033 2099 altare.¹

338 2149 372 2212 2ο
391 2147 548 2212 Minister
563 2145 665 2212 debet
684 2127 758 2212 esse
773 2147 959 2212 ministerio
973 2170 1034 2213 auo
1050 2149 1200 2231 idoneus,
1217 2151 1252 2215 id
1268 2159 1332 2232 est,
1349 2175 1420 2240 qua*

293 2259 359 2326 sibi
383 2261 418 2324 in
443 2259 546 2325 missa
572 2260 704 2348 agenda
729 2267 810 2326 sunt
835 2261 991 2342 edoctus,
1018 2268 1052 2327 et
1078 2262 1121 2327 ad
1147 2265 1418 2352 respondendum

291 2381 407 2464 aptus;
429 2373 521 2462 quod
539 2397 598 2462 per
617 2396 653 2440 se
673 2381 778 2463 patet,
800 2381 835 2440 et
853 2373 895 2440 de
914 2375 1114 2474 hoccurare
1129 2376 1256 2444 debent
1275 2389 1419 2445 rectores

290 2489 520 2570 ecclesiarum,
543 2489 586 2554 ad
604 2511 688 2578 quas
707 2490 884 2554 confluunt
902 2489 1094 2556 sacerdotes
1114 2492 1253 2558 missam
1274 2493 1418 2560 celebra-

289 2599 369 2670 turi:
392 2641 436 2678 τ-
455 2603 584 2668 Notant
607 2611 722 2667 tamen
747 2602 903 2668 doctores
926 2605 1037 2691 ipsum
1062 2605 1273 2672 sacerdotem
1297 2607 1339 2673 de
1357 2631 1417 2674 suo

289 2718 445 2785 ministro
469 2719 581 2783 minus
604 2716 726 2782 idoneo
749 2739 815 2780 non
842 2715 964 2782 debere
988 2740 1062 2783 esse
1091 2717 1294 2802 sollicitum3
1322 2721 1415 2788 facile

289 2833 380 2898 enim
399 2855 553 2921 reparare
572 2837 684 2921 potest
703 2829 855 2895 delectus
874 2830 1009 2920 abipso
1028 2833 1242 2916 commissos,
1264 2837 1320 2900 vel
1339 2859 1415 2925 sup-

287 2947 380 3034 plere
400 2971 475 3035 quae
494 2945 606 3011 minus
621 2952 711 3010 recte
732 2944 943 3032 respondete

334 3165 428 3233 141.
443 3203 488 3212 -
505 3165 563 3233 De
581 3183 748 3232 numero
766 3165 1055 3234 ministrorum.

247 3275 252 3286 '
332 3281 364 3341 1ο
382 3277 557 3342 Numerus
582 3279 818 3343 ministrorum
839 3279 872 3341 in
894 3280 1002 3344 musis
1023 3280 1125 3346 lectis

330 3391 373 3458 A.
403 3391 533 3476 Reputo
551 3392 719 3477 pancratis
745 3399 793 3456 eat
814 3415 921 3457 unum
941 3401 1074 3458 tantum
1095 3395 1294 3462 ministrum
1313 3399 1409 3463 adbi-

283 3507 357 3572 beri
372 3528 469 3592 posse
490 3507 523 3570 in
549 3505 657 3570 muria
682 3507 783 3571 lectis.
806 3545 850 3555 -
870 3505 1014 3572 Constat
1029 3509 1310 3595 jurisprudentia
1334 3535 1409 3577 con·

282 3623 388 3687 stanti
406 3621 442 3686 S.
470 3620 539 3686 Rit.
567 3619 864 3706 Congregationis,
887 3645 961 3708 quen
987 3630 1150 3710 perpetuo
1174 3625 1348 3712 prohibuit
1367 3649 1407 3691 ne

281 3735 396 3823 plures
411 3731 652 3799 adhiberentur
667 3733 828 3815 ministri,
847 3743 1019 3800 reservata
1038 3735 1217 3825 Episcopis
1237 3746 1270 3803 et
1291 3739 1407 3805 Cardi-

281 3847 415 3914 nalibus
439 3845 634 3936 pluralitate
663 3847 908 3914 ministrorum.
938 3849 993 3914 Sic
1017 3849 1051 3916 S.
1082 3851 1151 3916 Rit.
1179 3851 1405 3940 Congregatio

280 3971 338 4028 aut
364 3961 477 4050 potius
496 3961 692 4026 Alexander
717 3961 796 4040 vll,
820 3962 955 4028 decreto
980 3964 1022 4030 27
1047 3973 1133 4053 sept.
1158 3965 1260 4044 1659,
1283 3991 1317 4033 n.
1343 3968 1404 4039 21,·

309 4164 318 4199 ¹
336 4165 403 4212 Acta
415 4163 440 4210 S.
456 4161 545 4219 Sedis,
563 4165 582 4211 t.
597 4177 672 4220 xxvi,
689 4179 715 4225 p.
732 4168 785 4211 ota.

308 4247 319 4282 ¹
337 4243 403 4291 Acta
418 4243 443 4290 S.
458 4241 547 4297 Sedis.
566 4239 631 4290 ibid.

306 4321 318 4357 ⁸
335 4321 374 4370 Ct.
389 4321 416 4369 S.
432 4321 523 4384 Atptr„
540 4337 566 4370 n.
582 4325 641 4380 391,
657 4325 684 4371 et
699 4313 766 4372 alios
779 4326 904 4373 auctores
919 4339 1001 4389 supra
1012 4325 1151 4390 allegatos.
