3224 5044
374 487 417 538 DE
437 487 610 540 ulssnnuit
629 487 860 540 ELEEMOSYNIS
880 489 1089 541 MANUALIBUS
1258 487 1292 542 93

165 632 242 696 dote
262 631 350 694 illud
374 639 563 717 ropassent,
591 653 697 718 neque
720 632 750 696 ei
775 631 898 698 haedo
923 655 1022 698 causa
1046 633 1292 719 eleemosynam

161 745 397 830 praestitisscnt
416 771 448 829 n,
472 745 647 833 respondit
665 745 699 811 S.
719 744 845 832 Congr.
863 765 870 813 :
891 773 907 806 «
989 747 1026 810 In
1042 745 1076 812 S.
1095 745 1312 834 Congrega-·

165 859 258 924 tione
284 859 432 946 primum
461 858 503 924 de
534 881 571 924 ea
604 859 886 948 (consuetudine)
915 867 1028 926 actum
1058 860 1123 925 fuit
1148 860 1291 947 diligen-

165 972 313 1054 tissime,
335 995 374 1038 ac
394 971 515 1038 deinde
535 974 681 1038 relatum
700 973 743 1038 ad
762 972 985 1039 Sanctitatem
1005 973 1119 1055 Suam,
1141 997 1228 1062 quae,
1250 998 1291 1039 ex

165 1085 319 1174 ejusdem
340 1086 625 1174 Congregationis
644 1088 829 1170 sententia,
860 1089 1062 1176 hujusmodi
1080 1091 1292 1154 consuetudi·

166 1223 242 1264 nem
268 1209 433 1286 tanquam
456 1201 620 1286 plurilus
650 1201 843 1266 nominihus
862 1203 1107 1286 periculosam,
1138 1203 1292 1287 fidelium

164 1313 333 1380 scandalis
352 1323 383 1378 et
399 1315 641 1398 offensionibus
656 1315 849 1398 obnoxiam,
871 1323 973 1401 atquc
992 1339 1011 1380 a
1031 1323 1159 1380 vetusto
1177 1315 1292 1380 Eccle-

163 1429 220 1493 siae
234 1449 326 1492 more
340 1429 704 1512 nimisahltorrentom,
716 1429 859 1513 explosit
873 1451 910 1492 ac
924 1429 1138 1514 improbavit.
1153 1455 1169 1490 n
1182 1427 1291 1508 Quam
1323 1405 1327 1412 .

165 1540 354 1607 Clementis
376 1541 456 1606 VIII
477 1549 512 1608 et
536 1541 570 1608 S.
590 1540 874 1629 Congregationis
886 1542 1093 1608 decisionem
1110 1542 1235 1608 Paulus
1248 1543 1289 1624 V,

165 1653 254 1720 datis
279 1655 322 1719 ad
341 1655 529 1743 Episcopos
553 1655 693 1735 litteris,
720 1654 966 1742 promulgavit,
995 1664 1034 1722 ut
1057 1655 1160 1720 refert
1187 1657 1292 1722 Bene-

164 1765 276 1832 dictus
295 1766 405 1834 XIV¹.

298 2051 317 2124 ἓ
336 2051 371 2110 3.
392 2051 445 2109 De
465 2051 654 2109 taxatlone
673 2051 920 2124 eleemosynis
939 2050 1157 2109 missarum.

209 2263 277 2330 44.
291 2301 335 2310 -
346 2263 370 2330 J
372 2281 421 2330 us
434 2263 612 2350 episcopi
631 2261 798 2331 relative
817 2263 868 2330 ad
887 2269 1020 2330 texam
1041 2263 1244 2350 stipendii.

99 2459 107 2474 ·
211 2375 243 2438 1ο
261 2375 324 2442 lus
350 2385 399 2440 est
420 2376 564 2461 episcopi
596 2385 712 2441 taxare
740 2377 986 2462 eleemosynam
1011 2379 1209 2462 missarum,
1242 2378 1290 2444 ita

163 2489 294 2555 scilicet
313 2497 352 2555 ut
371 2513 472 2555 nemo
493 2490 571 2578 plus
591 2491 722 2577 exigat,
745 2513 848 2578 quam
872 2497 1026 2555 taxatum
1051 2497 1113 2557 est.
1136 2531 1179 2541 —
1200 2491 1289 2557 Con-

164 2611 233 2669 stat
251 2603 315 2668 hoc
329 2603 388 2692 jus
403 2603 554 2693 episcopi
574 2623 582 2670 :
611 2607 641 2670 I.
666 2604 815 2669 Concilio
836 2603 944 2688 Trid,
960 2627 1082 2693 nempe
1102 2627 1131 2670 c.
1156 2605 1289 2681 Quanta

164 2739 263 2800 eura,
285 2739 370 2783 sess.
397 2715 509 2797 XXII,
533 2715 584 2781 De
608 2737 824 2784 onsnnvmms
848 2739 879 2782 m
904 2738 1138 2783 cnnnnnmionn
1161 2699 1287 2784 iussn:

165 2857 181 2892 «
206 2829 401 2920 Inprimis,
424 2830 516 2918 quod
535 2830 578 2896 ad
602 2831 779 2897 avaritiam
799 2831 964 2918 pertinet,
987 2831 1137 2919 cujusvis
1157 2833 1290 2919 generis

164 2943 360 3009 mercedum
373 2943 608 3026 condiciones,
626 2951 782 3033 pacta,...
801 2967 859 3009 nec
873 2941 940 3010 n'on
956 2945 1171 3030 importunas
1189 2953 1290 3032 atque

165 3057 348 3122 illiberales
365 3057 656 3144 eleemosynarum
675 3059 879 3142 exactiones,
896 3059 1119 3145 potiusquam
1138 3059 1292 3144 postula·

166 3172 286 3254 tiones,
312 3171 447 3257 aliaque
473 3171 685 3258 hujusmodi,
707 3194 781 3257 qua
801 3195 820 3235 a
839 3171 1021 3237 simoniaca
1042 3173 1115 3237 labe
1135 3173 1186 3238 vel
1204 3182 1291 3238 certe

165 3307 185 3350 a
219 3285 313 3370 turpi
340 3293 470 3372 questu
503 3307 570 3350 non
602 3285 700 3371 lonpe
735 3285 875 3370 absunt,
912 3287 1047 3352 omnino
1084 3288 1292 3373 prohibeant

164 3398 370 3487 (Episcopi).
392 3425 408 3459 »
431 3399 521 3486 Ergo
537 3399 595 3488 jus
615 3406 667 3464 est
687 3399 846 3488 Episcopi
861 3399 1014 3487 judicare
1034 3399 1076 3466 de
1090 3401 1184 3490 justa
1204 3401 1291 3468 elee-

165 3534 308 3600 mosyna
335 3511 536 3593 missarum,
558 3535 701 3602 eamque
729 3511 973 3596 determinare;
995 3553 1038 3563 —
1065 3514 1097 3580 2.
1120 3515 1290 3580 Decisione

164 3625 201 3692 S.
232 3625 358 3712 Conpr.
382 3626 499 3710 Cone,
521 3649 614 3715 qum,
638 3626 681 3693 ad
695 3627 767 3691 hinc
787 3626 853 3692 duo
874 3627 1040 3716 quaesita:
1063 3655 1079 3688 α
1105 3627 1138 3692 1⁰
1156 3628 1290 3708 Quanta

164 3737 286 3804 debeat
296 3761 370 3804 esse
383 3739 599 3826 eleemosyna
612 3739 794 3804 missarum
808 3740 1035 3821 manualium
1052 3779 1096 3789 -
1110 3741 1145 3805 2⁰
1164 3741 1300 3829 quanta'

164 3875 239 3918 esse
270 3851 392 3918 debeat
423 3875 482 3941 pro
513 3853 702 3942 perpetuis,
738 3875 807 3918 non
841 3854 966 3920 taxatis
995 3877 1014 3920 a
1042 3853 1243 3935 'fundatore3
1272 3883 1288 3916 n

164 3966 353 4054 respondit,
373 3968 413 4033 15
427 3989 507 4034 τιον.
524 3965 610 4032 1698
629 3985 636 4032 :
652 3995 668 4028 (ι
685 3967 741 4032 Ad
762 3967 777 4030 I
796 3977 830 4032 et
849 3967 881 4050 2,
899 3967 1031 4034 censuit
1050 3967 1291 4033 attendendam

197 4137 205 4170 ¹
222 4135 385 4186 Benedictus
401 4137 464 4185 XIV
479 4137 563 4187 refert
576 4137 741 4187 decIsionem
754 4141 782 4188 ct
796 4138 897 4187 iactum
912 4139 1149 4202 promulgationis,
1161 4138 1199 4188 De
1209 4137 1292 4187 sacri·

164 4215 227 4278 ficio
243 4215 343 4276 missa,
359 4232 425 4280 pars
438 4215 476 4276 II,
493 4233 519 4265 n.
536 4222 594 4276 201,
611 4233 637 4281 p.
654 4221 775 4266 ³01-sos.
792 4217 881 4276 Quum
896 4221 954 4268 erat
970 4219 1190 4282 archiepiscopus
1205 4218 1293 4268 Bono-

163 4297 278 4354 niensis,
295 4297 472 4360 prohibitioni
486 4297 586 4360 adjecit
597 4297 802 4360 suspensionem
817 4297 873 4362 ipso
887 4297 975 4360 factm·
989 4298 1066 4356 Inst„
1080 4298 1162 4348 XCII.
