3246 5026
268 447 320 500 ³50
752 447 795 496 DE
814 446 915 498 mssa

268 613 335 653 rum
351 593 382 651 in
401 591 467 651 <lies
487 590 714 671 suscipiantur,
732 589 866 672 indeque
882 591 949 666 fiat,
968 599 1002 650 ut
1017 591 1185 671 depereant
1202 593 1260 672 piru
1278 601 1393 652 testan-

270 691 346 749 tium
368 689 561 761 voluntates,
578 687 727 748 obstricta
749 687 1002 747 benefactoribus
1023 688 1097 747 tides
1117 687 1264 761 violetur,
1285 689 1395 748 delun-

268 793 388 846 ctorum
404 785 513 843 animae
534 783 688 860 suffragiis
708 784 882 864 priventur,
900 785 1037 844 ecclesiis
1052 785 1176 844 debitus
1192 784 1396 846 subtrahatur

268 883 369 942 cultus
384 901 420 940 ac
434 879 668 956 christifideles,
682 880 769 958 gravi
785 880 931 940 scandalo
946 881 1064 955 allecti,
1080 880 1264 962 plerumque
1279 903 1294 940 a
1311 882 1394 940 simi-

267 979 347 1038 libus
372 976 531 1037 charitatis
553 975 701 1056 operibus
724 975 940 1050 retrahantur3
966 997 1099 1057 eumque
1120 978 1167 1036 his
1188 977 1277 1037 malis
1296 979 1394 1038 rrraxi-

266 1095 349 1134 mum
375 1075 456 1132 inter
474 1061 591 1132 ¹caetera
612 1072 784 1132 lomentum
808 1073 960 1152 praebeat,
977 1081 1031 1132 aut
1053 1074 1136 1153 quod
1159 1074 1194 1148 ii,
1212 1075 1265 1154 qui
1285 1075 1395 1134 missas

265 1192 357 1252 supra
373 1170 455 1229 vires
470 1167 671 1229 celebrandas
685 1169 870 1249 suscipiunt,
887 1177 1012 1248 sperent
1028 1169 1095 1228 illas
1111 1169 1197 1229 brevi
1213 1170 1251 1230 ad
1268 1171 1394 1252 paucio-

267 1289 331 1326 rem
352 1287 515 1326 numerum
534 1287 550 1324 a
571 1265 782 1346 superioribus
803 1265 966 1324 reductum
986 1265 1040 1339 iri,
1063 1273 1116 1325 aut
1133 1265 1217 1346 quod
1237 1266 1392 1340 ecclesiis,

266 1373 350 1424 sorte
369 1363 572 1444 pecuniarum
593 1361 773 1442 absumpta,
791 1360 973 1441 plerumque
994 1361 1075 1422 nuda
1097 1371 1279 1424 remaneant
1298 1383 1392 1423 onera

266 1462 428 1520 missarum
453 1459 569 1538 absque
595 1457 658 1516 ullo
683 1457 910 1532 emolumento,
933 1466 988 1517 aut
1009 1457 1093 1538 quod
1118 1457 1313 1539 eleemosyna
1336 1480 1393 1539 pro

265 1557 326 1616 illis
344 1553 538 1616 celebrandis
563 1554 602 1612 sit
622 1552 692 1612 ideo
715 1553 831 1628 tenuis,
855 1561 971 1613 utnon
993 1554 1081 1614 lacile
1105 1555 1317 1629 inveniantur,
1339 1557 1391 1636 qui

266 1652 363 1712 velint
377 1651 449 1710 huic
465 1671 497 1710 se
512 1650 633 1709 muneri
654 1649 823 1730 subjicere,
847 1657 878 1708 et
898 1648 1016 1709 reditus
1036 1650 1189 1724 ecclesia,
1211 1659 1266 1711 aut
1285 1672 1393 1712 mona-

265 1748 349 1808 sterii
371 1748 448 1807 adeo
471 1746 590 1825 exigui,
615 1753 649 1805 ut
671 1745 815 1806 sacerdos
831 1766 887 1826 pro
904 1747 1075 1805 necessaria
1096 1747 1142 1805 sui
1165 1748 1393 1807 sustentatione

266 1846 354 1906 novis
380 1865 411 1904 se
434 1843 581 1902 oneribus
604 1842 798 1920 obstringere
823 1842 1046 1922 compellatum
1073 1843 1157 1902 Saer.
1180 1842 1392 1922 Congregatio

265 1941 477 2006 Cardinalium
494 1960 582 1999 conc.
595 1937 735 1998 Trideut.
752 1937 957 2018 interpretum
973 1937 1223 1998 animadvertens
1239 1939 1391 1999 iacturam

264 2059 297 2098 se
316 2058 380 2097 rem
397 2036 464 2096 Deo
483 2034 690 2114 gratissimam
713 2033 935 2114 charitatique,
956 2055 992 2092 ac
1008 2033 1139 2114 justitiae
1162 2035 1296 2096 maxime
1318 2057 1392 2095 cou-

264 2141 461 2204 sentaneum,
484 2133 508 2190 si
530 2151 587 2210 pro
608 2131 726 2190 viribus
748 2138 868 2208 satagat
890 2131 973 2189 hunc
999 2131 1193 2189 teterrimum
1219 2131 1351 2191 abusum
1374 2153 1391 2191 e

264 2229 430 2290 christiana
464 2225 621 2306 republica
655 2225 847 2298 convellere,
874 2232 967 2306 atque
998 2227 1171 2300 eradicare,
1196 2227 1391 2287 Sanctissimi

265 2325 304 2386 D.
329 2323 367 2384 N.
394 2323 512 2382 Urbani
542 2321 647 2381 divina
679 2321 877 2401 providentia
905 2322 997 2402 Papa!
1020 2321 1093 2382 Vlll
1121 2325 1307 2385 auctoritate
1331 2324 1390 2383 sibi

264 2418 439 2502 specialiter
453 2417 619 2492 attributa,
637 2417 834 2499 infrascripta
849 2417 973 2478 decreta
989 2417 1107 2479 edidit:

303 2518 361 2594 §a
379 2516 424 2574 Ae
439 2515 538 2595 primo
554 2513 694 2574 districte
713 2513 872 2594 prohibet,
889 2523 982 2596 atque
998 2515 1170 2588 interdicit,
1189 2537 1226 2576 ne
1243 2515 1390 2596 Episcopi

262 2613 296 2672 in
311 2612 484 2672 dioecesana
501 2610 633 2691 synodo,
651 2619 704 2670 aut
720 2609 888 2670 Generales
905 2611 935 2669 in
951 2611 1095 2692 capitulis
1110 2611 1324 2690 generalibuS,
1339 2612 1389 2671 vel

263 2709 337 2770 alias
351 2706 574 2790 quoquomodo
590 2707 741 2766 reducant
755 2727 848 2766 onera
865 2707 927 2766 ulla
943 2707 1105 2766 missarum
1120 2707 1388 2782 celebrandarum,

263 2815 320 2866 aut·
332 2812 403 2886 post
418 2804 498 2864 idem
514 2803 681 2863 concilium
697 2803 857 2884 imposita,
870 2812 924 2862 aut
939 2804 969 2862 iu
987 2803 1093 2863 limine
1108 2804 1319 2878 fundationis;
1334 2803 1389 2864 sed

263 2924 320 2984 pro
336 2901 383 2962 his
399 2900 544 2961 omnibus
560 2899 755 2973 reducendis,
772 2907 825 2958 aut
841 2899 1057 2974 moderandis,
1076 2899 1125 2960 vel
1141 2900 1387 2972 commutandis,

262 2999 300 3058 ad
321 2998 524 3079 apostolicam
545 2995 655 3055 Sedem
677 3004 864 3068 recurratur,
882 3017 950 3076 qua·
972 3017 1004 3057 re
1019 2996 1188 3074 diligenter
1207 3004 1387 3078 perspecta,

263 3095 294 3153 id
309 3101 426 3154 statuet
440 3092 524 3174 quod
540 3093 636 3170 magis
652 3093 683 3150 in
701 3091 835 3151 Domino
851 3093 998 3172 expedire
1013 3094 1231 3166 arbitrabitur;
1248 3094 1388 3175 alioquin

263 3190 476 3260 reductiones,
493 3189 724 3248 moderationes
738 3197 768 3248 et
783 3188 1042 3249 commutationes
1058 3189 1253 3270 hujusmodi,
1271 3191 1295 3248 si
1311 3209 1390 3270 quas

262 3293 370 3346 eontra
385 3284 478 3364 hujus
493 3284 712 3364 prohibitionis
726 3285 856 3345 sormam
870 3285 935 3344 lieri
949 3287 1131 3364 eontigerit,
1146 3286 1274 3346 omnino
1288 3287 1390 3346 nullas

261 3391 354 3462 atque
369 3380 477 3440 inanes
491 3379 641 3440 decernit.

302 3477 360 3556 §l
379 3475 511 3552 Deinde,
526 3475 578 3536 ubi
594 3497 651 3557 pro
665 3477 806 3558 pluribus
822 3477 934 3552 missis,
950 3479 1043 3538 etiam
1059 3479 1199 3560 ejusdem
1214 3479 1387 3560 qualitatis,

261 3575 469 3647 celebrandis,
493 3573 661 3654 stipendia,
685 3582 971 3655 quantumcumque
997 3575 1183 3655 incongrua,
1208 3583 1239 3636 et
1258 3576 1387 3654 exigua,

262 3674 326 3731 sive
341 3672 380 3732 ab
397 3692 473 3744 una,
490 3671 554 3730 sive
574 3692 589 3730 a
607 3670 747 3750 pluribus
763 3671 903 3750 personis
919 3671 1030 3732 collata
1050 3672 1194 3746 luerunt,
1212 3680 1265 3732 aut
1280 3673 1389 3732 conle-

262 3775 370 3828 rentur
393 3768 424 3826 in
448 3767 588 3827 luturum
614 3766 843 3842 sacerdotibus,
867 3767 1021 3842 ecclesiis,
1045 3769 1204 3850 capitulis,
1221 3768 1385 3848 collegiis,

261 3863 483 3946 hospitalibus,
505 3863 721 3938 societatibus,
739 3864 951 3938 monasteriis,
973 3865 1196 3940 conventibus,
1214 3885 1387 3944 congrega-

261 3961 413 4036 tionibus,
431 3959 590 4035 domibus,
606 3981 642 4019 ac
662 3959 738 4018 locis
758 3959 816 4040 piis
835 3959 1100 4042 quibuscumque,
1119 3969 1179 4021 tam
1196 3961 1387 4020 secularibus

260 4079 352 4138 quam
377 4057 586 4137 regularibus,
612 4058 704 4116 Sacra
730 4056 937 4136 Congregatio
967 4057 1025 4117 sub
1049 4058 1258 4118 obtestatione
1286 4057 1386 4116 divini

257 4152 367 4231 judicii
387 4153 528 4229 mandat,
545 4174 580 4212 ac
600 4151 756 4234 praecipit,
774 4159 809 4212 ut
828 4152 970 4214 absolute
986 4161 1033 4214 tot
1053 4154 1154 4214 missae
1174 4153 1385 4227 celebrentur,

259 4249 393 4326 quoted
414 4249 564 4309 rationem
584 4250 742 4310 attributae
762 4249 967 4330 eleemosynae
988 4249 1176 4332 praescriptae
1193 4250 1323 4324 luerint,
1341 4251 1385 4310 ita
