3246 5026
277 505 330 560 ³30
517 509 521 524 '
578 507 622 557 DE
641 503 858 558 siricussmo
878 504 1098 556 SACRAMENTO

280 656 305 712 l.
322 651 420 712 Casus
437 649 550 709 infirmi
567 669 657 710 sacro
672 647 786 710 viatico
801 647 987 728 reficiendi;
1003 649 1076 709 huic
1095 648 1211 709 licebat
1228 648 1325 709 etiam
1340 667 1403 707 non

270 756 388 838 jejuno
398 754 622 815 Eucharistiam
635 755 791 835 recipere:
807 775 900 835 quam
914 754 1172 814 consuetudinem
1184 753 1249 834 jam
1263 761 1404 834 tempore

278 859 382 920 lvonis
407 859 608 921 Carnotensis
633 861 788 938 vigentem
811 859 1027 920 concludimus
1051 881 1088 920 ex
1114 859 1182 940 ejus
1207 859 1338 940 epistola
1363 858 1402 918 ad

276 966 456 1046 episcopum
478 965 691 1025 Meldensem:
716 991 731 1020 a
746 964 916 1033 Quaesitum
935 974 982 1025 est
1000 974 1104 1026 utrum
1125 964 1316 1046 deliquerint
1333 983 1405 1044 pre-

276 1069 392 1152 sbyteri
423 1071 476 1151 qui
507 1071 631 1131 cuidam
658 1077 792 1150 aegroto,
814 1091 855 1130 ez
881 1069 1109 1132 consuetudine
1127 1077 1203 1152 poet
1224 1067 1404 1152 prandium

277 1176 426 1252 vomenti,
445 1175 594 1236 viaticum
610 1175 687 1236 dore
702 1196 762 1235 non
778 1175 911 1256 suerunt
925 1175 1034 1236 ausi...
1045 1176 1076 1253 ¹;
1092 1201 1106 1232 n
1120 1196 1200 1257 quos
1213 1175 1321 1236 laudat
1335 1174 1403 1245 lvo,

276 1281 347 1362 quia
371 1281 518 1342 viaticum
541 1302 603 1340 non
625 1281 881 1342 ministraverunt
905 1280 978 1341 huic
999 1289 1135 1361 aegroto,
1159 1280 1199 1340 oh
1221 1277 1404 1362 periculum

277 1387 430 1464 vomitus,·
454 1387 537 1468 qnod
562 1395 668 1467 aperte
692 1386 856 1467 supponit,
880 1395 966 1447 extra
991 1387 1052 1447 hoc
1076 1387 1265 1468 periculum,
1286 1385 1404 1444 licitam

277 1491 371 1551 luisse
390 1491 493 1550 viatici
508 1491 783 1565 ministrationem,
799 1493 892 1551 etiam
909 1501 980 1572 post
996 1493 1160 1573 prandium
1172 1509 1179 1566 ;
1193 1527 1234 1540 -
1246 1494 1275 1551 2.
1292 1490 1407 1550 Neces-

277 1597 351 1656 sitas
368 1595 562 1678 perficiendi
579 1595 796 1678 sacrificium,·
815 1597 838 1656 si
857 1597 927 1677 quis
945 1598 1027 1657 enim
1045 1597 1191 1657 sacerdos
1209 1605 1280 1677 post
1296 1616 1406 1656 conse·

276 1702 446 1764 orationem
467 1703 629 1778 moriatur,
649 1702 697 1762 vel
718 1702 808 1762 aliter
824 1702 1014 1782 impediatur
1031 1724 1069 1762 ne
1091 1709 1215 1784 pergat,
1235 1701 1286 1762 alii
1304 1721 1407 1762 sacer-

277 1807 359 1882 doti,
383 1809 475 1868 ctiam
499 1829 562 1870 non
581 1810 707 1892 jejuno,
731 1809 850 1869 licitum
871 1816 918 1868 cst
942 1808 1002 1868 hoc
1026 1808 1211 1868 sacrificium
1232 1807 1404 1888 perlicere:

277 1913 361 1995 quod
379 1915 443 1994 jam
464 1914 603 1974 decrevit
621 1914 787 1974 concilium
805 1913 991 1974 To'letanum
1014 1913 1090 1988 Vll,
1110 1935 1160 1974 an.
1179 1913 1254 1984 oto,
1274 1933 1343 1972 can.
1363 1909 1420 1969 Ἥ

277 2024 330 2091 (=
348 2039 416 2080 can.
437 2018 532 2080 Nihil
539 2067 547 2094 ,
571 2022 621 2094 16,
642 2019 678 2080 C.
694 2041 750 2092 vn,
769 2041 801 2100 q.
820 2023 863 2094 1);
879 2019 961 2078 unde
978 2019 1072 2078 ctiam
1091 2018 1258 2078 concilium
1278 2017 1407 2076 Toleta-

278 2143 351 2182 num
373 2123 432 2196 Xl,
452 2145 502 2183 an.
517 2125 588 2198 675,
610 2145 678 2185 can.
697 2124 747 2196 14,
768 2125 892 2198 statuit,
915 2131 964 2195 ut,
986 2122 1088 2204 quoad
1108 2124 1176 2204 ejus
1196 2123 1261 2183 lieri
1280 2131 1404 2204 posset,

278 2226 429 2286 sacerdoti
450 2228 619 2288 celebranti
647 2251 768 2310 semper
790 2235 904 2310 prasio
926 2236 1006 2287 esset
1026 2228 1105 2288 alius
1127 2229 1288 2300 sacerdos,
1309 2229 1401 2287 sacri-

278 2329 397 2404 ficium,
415 2331 438 2390 si
455 2353 534 2413 opus
550 2333 674 2407 luisset,
691 2333 886 2414 perfecturus
897 2331 919 2392 ³.

458 2649 476 2722 ἓ
495 2649 528 2706 2.
550 2650 603 2708 De
622 2650 706 2722 ture
725 2649 873 2721 vlqente
897 2649 1018 2721 quoad
1040 2647 1227 2721 telonium

684 2754 993 2812 eucharisticum.

324 2967 418 3036 174.
438 2967 583 3035 —Lex
603 2965 748 3055 iejunii
771 2966 1026 3036 eucharistici
1049 2966 1251 3036 servandi.
1271 2965 1406 3030 —Nec

276 3081 442 3172 sacerdoti
472 3081 546 3145 ticet
573 3081 757 3164 celebrare,
786 3103 843 3144 nec
872 3081 966 3165 fideli
990 3103 1124 3145 sacram
1149 3081 1403 3145 Eucharistiam

278 3195 439 3279 recipere,
462 3195 526 3258 nisi
538 3195 677 3280 jejuno.
694 3233 738 3242 -
753 3193 898 3260 Constat
916 3196 1127 3283 propositio:
1152 3193 1182 3260 l.
1211 3193 1406 3259 Traditione

276 3308 443 3371 constanti
464 3315 495 3372 et
518 3309 698 3373 universali
719 3308 890 3392 Ecclesiae,
916 3331 1007 3396 quae,
1026 3317 1065 3373 ut
1087 3331 1188 3397 supra
1211 3309 1405 3397 expositum

276 3428 340 3502 est,
363 3421 405 3486 ad
429 3421 666 3510 antiquissima
691 3430 842 3512 tempora
866 3423 1126 3505 retroascendit‚
1150 3433 1184 3490 et
1207 3424 1242 3488 in
1261 3432 1405 3511 utraque

278 3535 444 3620 Ecclesia,
467 3537 667 3603 occidentali
691 3545 725 3602 et
748 3537 920 3620 orientali,
944 3547 1076 3604 servata
1100 3547 1153 3604 est
1176 3547 1211 3603 et
1231 3545 1400 3611 servatum

275 3685 319 3695 -
339 3650 371 3715 2.
399 3653 437 3716 C.
461 3652 516 3716 Ec
535 3661 650 3738 parte,
678 3655 714 3735 s,
743 3653 792 3718 Du
818 3673 1053 3719 cnsuanarross
1079 3674 1237 3719 urssinuu
1265 3653 1401 3740 (supra,

276 3781 310 3823 n.
336 3763 434 3848 173,
457 3767 503 3848 30,
530 3767 663 3855 relato),
685 3767 776 3855 quod
800 3769 910 3854 legem
930 3767 1052 3855 jejunii
1071 3769 1249 3856 supponit,
1271 3775 1306 3832 et
1325 3765 1403 3831 inde

275 3873 489 3956 prohibetae
505 3881 661 3946 sacerdos
676 3881 728 3946 bis
743 3880 986 3964 celebraturus,
1004 3882 1039 3946 in
1054 3881 1157 3970 priori
1173 3882 1275 3946 missa
1291 3889 1404 3946 sumat

273 4139 283 4182 t
306 4063 423 4198 33¹¹le
438 4075 535 4202 prepi„
547 4093 612 4136 ccii,
629 4078 671 4126 Aa
682 4077 832 4136 Manassen,
844 4077 1006 4127 Melitensem
1018 4078 1172 4142 episcopum
1181 4095 1189 4137 ;
1205 4079 1306 4142 iligna,
1320 4079 1348 4128 P.
1363 4081 1401 4136 L.,

287 4172 324 4186 ··
384 4183 389 4201 .
424 4167 530 4202 o..o.

303 4217 432 4280 'Brunsu
450 4235 585 4296 Concilio,
602 4243 621 4287 t.
639 4255 659 4292 ι,
676 4255 703 4304 p.
719 4244 773 4287 262.

303 4291 313 4326 ³
329 4295 411 4360 ibin„
429 4323 455 4369 p.
472 4317 600 4365 ais-aio.
