3224 5044
560 1191 775 1276 CAPUT
812 1193 876 1274 Vl

204 1570 250 1623 DE
279 1570 498 1634 QUIBUSDAM
528 1571 628 1626 ALIIS
656 1571 804 1625 TITULIS
832 1572 1058 1626 APPLICANDI
1089 1573 1229 1629 lllSSAll

197 2027 243 2091 N.
266 2027 307 2092 B.
326 2027 453 2092 Actum
469 2035 520 2093 est
535 2027 576 2093 de
596 2028 822 2120 applicatione
842 2030 954 2096 missae
974 2031 1102 2097 ratione
1121 2034 1279 2118 stipendii

154 2141 225 2206 sive
245 2141 414 2207 manualis
433 2141 505 2206 sive
521 2141 670 2224 sundati3
688 2143 883 2209 dictumest
898 2144 1158 2211 sufficienterde
1172 2147 1280 2236 appli-

153 2256 284 2320 catione
308 2255 420 2320 missae
448 2256 578 2322 ratione
598 2259 845 2342 promissionis,
862 2261 1024 2345 praecepti
1041 2262 1226 2347 superioria
1245 2268 1278 2328 et

153 2370 231 2435 acti.
250 2368 578 2436 InPraelectionibna
591 2373 630 2435 cle
649 2373 827 2457 Capitolia,
850 2373 980 2440 dicetur
999 2376 1040 2440 de
1054 2375 1280 2463 applicatione

153 2485 260 2548 masaa
278 2485 488 2570 capitularia.
510 2485 587 2550 Non
606 2493 759 2551 remanet
778 2487 958 2552 dicendum
978 2487 1043 2553 nisi
1068 2489 1109 2554 dc
1132 2489 1279 2578 applica-

152 2597 244 2663 tione
263 2597 392 2663 ratione
412 2599 575 2684 beneficii,
599 2601 790 2686 capellaniae
805 2609 840 2666 et
859 2624 947 2666 cura
963 2603 1169 2668 animarum.

248 2931 267 3005 ξ
287 2932 319 2989 l.
341 2931 393 2990 De
413 2932 666 3006 applicatione
685 2931 813 2990 mlssoe
833 2931 981 2992 ratione
1001 2933 1180 2993 benellcll

570 3030 605 3083 et
630 3024 858 3098 capellaniae.

197 3259 265 3329 84.
285 3299 329 3310 —
348 3259 548 3348 obligatio
567 3260 797 3349 applicandi
810 3262 974 3330 missam
994 3263 1148 3331 ratione
1163 3261 1279 3332 bene-

151 3373 233 3442 tlcii
251 3373 317 3442 vel
335 3373 580 3462 capellaniae.

198 3487 233 3551 l⁰
252 3487 319 3566 Qui
337 3495 474 3554 tenetur
497 3489 666 3554 celebrare
686 3488 807 3554 missas
831 3511 873 3554 ex
893 3488 1099 3577 obligatione
1124 3491 1278 3558 beneficii

150 3599 208 3667 vel
237 3601 449 3690 capellaniae,
484 3608 619 3668 tenetur
651 3603 754 3668 etiam
783 3603 952 3688 applicare
991 3627 1047 3668 eas
1083 3605 1205 3670 missas
1235 3606 1278 3670 ad

150 3714 374 3780 intentionem
412 3714 618 3798 fundatoris,
656 3715 723 3781 nisi
760 3716 852 3782 aliud
890 3717 1026 3782 omnino
1063 3725 1205 3802 constet,
1241 3725 1279 3782 ut

151 3850 255 3916 supra
276 3827 328 3915 (n.
352 3831 423 3918 54)
445 3828 657 3896 dictumest.

197 3941 231 4005 2⁰
252 3942 400 4008 Tenetur
421 3943 465 4008 ad
487 3965 669 4009 numerum
692 3943 890 4026 missarum,
912 3945 1146 4033 praescriptum
1166 3967 1184 4010 a
1204 3945 1278 4010 fun-

151 4055 286 4138 datore,
314 4079 348 4120 v.
378 4080 426 4144 g.‚
455 4057 499 4121 ad
525 4063 609 4137 tres,
632 4063 778 4146 quatuor
803 4064 862 4123 aut
889 4056 1050 4145 amplius,
1077 4057 1200 4123 missas
1219 4081 1281 4146 per

151 4168 307 4258 singulos
339 4192 491 4252 menses,
519 4169 767 4253 hebdomadas,
799 4177 863 4237 eto.
891 4209 936 4220 -
969 4170 1111 4238 Constat
1143 4179 1215 4237 tum
1238 4195 1280 4237 ex

143 4284 231 4370 jnre
258 4285 426 4368 natarali,
459 4323 504 4334 -
536 4291 613 4356 tuni
640 4307 681 4351 ex
715 4309 809 4351 conc.
838 4284 929 4351 Trid.
968 4309 997 4350 c.
1029 4287 1127 4352 Ratio
1159 4295 1279 4374 pcata-
