3224 5044
827 521 870 572 DE
889 521 988 573 ulsss

569 841 584 912 ξ
604 840 638 898 5.
660 841 713 899 De
732 840 1008 900 condonatione
1027 839 1246 899 missarum.

381 1067 449 1137 81.
466 1107 509 1117 —
523 1069 837 1137 condonationis
850 1069 977 1151 notio,
991 1068 1222 1150 reservatio,
1236 1067 1471 1155 requisitae

383 1185 415 1247 1ο
425 1179 638 1248 Condonatio
656 1189 708 1246 est
719 1182 889 1248 absolutio
904 1183 983 1248 data
997 1205 1100 1268 super
1114 1180 1300 1268 praeteritis
1314 1181 1472 1245 omissio·

338 1298 438 1363 nibus
458 1297 656 1381 missarum,
678 1319 753 1384 quae
772 1297 937 1362 celebrari
961 1297 1152 1363 debuissent
1175 1307 1208 1359 et
1232 1316 1300 1360 non
1317 1297 1472 1380 fuerunt

334 1411 520 1476 celebrata.
543 1410 658 1492 Unde,
680 1410 767 1476 siout
792 1411 942 1476 reductio
966 1411 1103 1500 respicit
1125 1415 1290 1496 [uturum
1310 1413 1467 1496 tempus,

335 1525 381 1589 ita
400 1525 599 1589 condonatio
618 1523 755 1613 respicit
773 1526 993 1612 praeteritum.

379 1637 412 1701 2⁰
436 1637 648 1704 Condonatio
680 1645 732 1705 est
761 1647 932 1706 reservata
964 1638 998 1705 S.
1033 1639 1127 1720 Sedi3
1162 1639 1273 1728 agitur
1303 1639 1399 1704 enirn
1427 1637 1471 1702 de

334 1751 429 1838 gravi
449 1758 483 1817 et
502 1753 675 1818 definitiva
694 1754 958 1820 commutatione
977 1753 1163 1820 voluntatis
1184 1753 1352 1832 desunoti;
1373 1753 1469 1840 unde

333 1867 377 1932 de
407 1867 469 1932 hac
502 1868 730 1933 reservatione
761 1891 935 1956 nunquam
973 1875 1103 1933 motum
1140 1877 1193 1934 est
1231 1867 1385 1934 dubium.
1423 1905 1469 1916 -

336 1982 509 2047 Romanus
536 1990 649 2048 autem
674 1982 833 2048 Pontifex
859 1983 946 2048 hano
972 1983 1114 2069 gratiam
1139 1983 1302 2070 elargitur
1320 1981 1377 2047 vel
1406 2005 1468 2070 per

335 2117 370 2160 se
397 2095 525 2182 ipsum,
548 2097 603 2160 vel
630 2119 689 2184 per
712 2097 747 2162 S.
776 2097 900 2185 Congr.
923 2095 1066 2161 Concilii
1093 2103 1152 2162 aut
1178 2097 1212 2162 S.
1240 2096 1467 2161 Paenitentia·

334 2207 434 2288 riam,
461 2209 517 2272 vel
541 2209 642 2273 etiarn
667 2233 727 2298 per
752 2209 1058 2298 Congregationem
1087 2209 1236 2276 Fabrieee
1261 2211 1296 2275 S.
1324 2209 1422 2274 Petri
1441 2211 1463 2285 ⁸,

334 2321 455 2386 saltem
479 2322 514 2385 in
541 2323 624 2388 locis
649 2325 683 2390 in
704 2349 779 2413 quae
804 2347 840 2390 se
864 2327 1017 2391 extendit
1041 2326 1223 2391 auotoritas
1248 2324 1349 2412 hujus
1373 2323 1466 2388 Cou-

333 2437 540 2522 gregationis
555 2437 577 2502 ³.
617 2477 662 2486 —
691 2439 835 2518 Quando
859 2447 972 2505 autem
996 2441 1198 2505 condonatio
1223 2438 1423 2504 conceditur
1446 2461 1465 2502 a

335 2547 461 2636 Congr.
485 2549 634 2616 Fabricae
654 2553 689 2618 S.
709 2553 818 2636 Petri,
840 2561 981 2618 vocatur
1001 2553 1138 2642 speciali
1164 2553 1302 2618 nomine
1325 2574 1465 2637 compo·

331 2662 426 2748 sitia,
449 2664 527 2752 quia
548 2665 691 2731 solvitur
711 2691 729 2730 a
749 2665 943 2755 petentibus
962 2667 1073 2756 aliqua
1092 2667 1347 2755 proportionata
1366 2673 1462 2748 taxa,

333 2782 367 2840 et
387 2777 481 2861 inde,
504 2779 539 2844 in
559 2779 835 2868 supplementum
852 2782 1034 2849 missarum
1053 2782 1272 2862 emissarum,
1294 2777 1465 2869 capellani

331 2893 375 2956 ad
395 2893 458 2959 hoe
478 2895 638 2960 destinati
663 2901 793 2960 certum
816 2919 995 2962 numerum
1019 2895 1200 2961 missarum
1224 2893 1399 2960 celebrant
1429 2893 1464 2957 in

313 2995 472 3072 ‘basilica
492 3009 656 3074 Vaticana
675 3011 697 3074 ⁴.

378 3121 411 3186 3⁰
435 3120 473 3184 In
499 3144 621 3206 genere
648 3123 714 3188 duo
741 3123 957 3212 requiruntur
986 3129 1024 3188 ut
1055 3123 1228 3212 impetrari
1254 3122 1364 3211 possit
1390 3121 1464 3186 haec

330 3233 560 3300 condonatio:

376 3367 407 3409 a.
429 3345 475 3410 Ut
500 3347 638 3414 omissio
666 3349 753 3415 iacta
785 3351 884 3416 inerit
910 3375 952 3417 ex
972 3353 1059 3417 hona
1084 3354 1173 3437 fida·
1199 3351 1228 3416 si
1257 3350 1348 3415 enim
1372 3350 1464 3414 sacta

330 3457 431 3524 fuerit
464 3487 480 3520 «
519 3459 581 3526 sub
615 3463 783 3528 malitiosa
820 3465 876 3530 vel
913 3463 1134 3530 irrationabili
1172 3487 1232 3552 spe
1262 3463 1463 3529 earumdem

331 3571 547 3663 (missarum)
566 3577 849 3642 condonationem
869 3601 888 3643 a
913 3577 999 3644 Sede
1019 3579 1222 3668 apostolica,
1244 3577 1299 3643 vel
1320 3601 1464 3665 compo-

329 3686 486 3753 sitionem
513 3713 531 3754 a
559 3691 644 3755 Rev.
674 3691 814 3756 Fabriea
840 3693 875 3758 S.
910 3693 1001 3758 Petri
1030 3693 1072 3758 de
1098 3693 1189 3761 Urbe
1217 3691 1396 3758 obtinendi
1424 3722 1460 3773 n,

330 3799 400 3866 haec
422 3803 624 3868 condonatio
645 3827 711 3868 non
734 3805 821 3870 solet
841 3806 991 3872 concedi.
1015 3805 1065 3871 Ita
1086 3807 1121 3873 S.
1145 3807 1270 3894 Congr.
1294 3805 1402 3872 Cone.
1426 3807 1461 3870 in

361 4021 368 4053 ¹
388 4021 550 4073 Benedictus
566 4025 637 4082 xlv,
656 4025 704 4074 tec.
721 4025 776 4084 cit,
795 4041 820 4074 n.
838 4030 879 4085 15,
896 4029 938 4085 Ὴς
955 4054 985 4064 -
1002 4026 1108 4088 Laniui,
1127 4028 1166 4077 De
1186 4027 1355 4086 uisitatione,
1373 4045 1397 4076 c.
1413 4043 1460 4086 vn,

328 4117 355 4150 n.
371 4107 465 4162 86-96,
483 4103 675 4164 nomae‚1ere,
693 4107 711 4154 t.
728 4121 758 4162 n,
776 4120 803 4168 p.
821 4109 937 4154 tut-tat.

359 4181 484 4231 'Bened
502 4183 574 4242 xlv,
591 4185 638 4233 loc.
656 4185 711 4242 cit,
728 4201 753 4233 n.
771 4191 808 4234 tt.

359 4260 369 4294 ³
385 4259 465 4320 thiu„
482 4279 507 4312 n.
522 4269 544 4312 3.

358 4340 368 4372 ⁴
386 4339 466 4398 Ibid„
484 4359 508 4391 n.
528 4347 564 4390 15.
