3180 5024
325 479 380 532 242
808 477 853 529 DE
872 478 973 530 iussn

322 649 367 691 ex
391 625 453 689 hoc
477 623 630 710 sequitur
654 630 787 689 tantum
807 645 864 688 cas
888 645 986 708 posse
1005 623 1170 704 benedici,
1196 625 1285 690 sicut
1309 635 1448 710 possunt

324 737 478 804 benedici
500 759 600 818 crux,
630 737 811 824 imagines,
838 759 948 818 arma,
971 738 1080 818 ensis,
1104 739 1246 820 vexilla,
1268 739 1449 828 dequibus
1558 773 1559 834 p

321 859 496 942 ponuntur
519 851 554 915 in
578 851 698 916 eodem
723 850 916 936 Pontifieali
939 847 1191 917 benedictiones
1211 853 1387 940 speciales,
1408 893 1449 904 —

323 967 392 1032 Nec
425 966 530 1031 addas
559 965 725 1064 tunicam,
752 964 984 1044 dalmaticam,
1020 973 1100 1048 etc,
1133 965 1256 1032 debere
1283 966 1445 1044 benedici,

319 1081 400 1169 quia
420 1087 500 1146 sunt
519 1079 723 1145 vestimenta
743 1101 854 1158 sacra,
871 1100 947 1166 quae
962 1077 1115 1145 benedici
1131 1079 1230 1166 jubet
1249 1105 1324 1146 can.
1348 1082 1448 1148 Vesti-

320 1203 452 1280 menta,
475 1193 534 1276 42,
555 1193 635 1258 dist.
659 1193 690 1274 1,
714 1192 764 1257 Da
789 1213 952 1272 constan,
976 1216 1055 1258 nam
1080 1194 1134 1258 hic
1157 1217 1265 1260 canon
1285 1205 1339 1260 est
1358 1219 1448 1284 pior·
1558 1229 1559 1238 κ

318 1334 380 1376 sus
400 1309 630 1398 apocryphus,
653 1330 671 1372 a
693 1305 984 1372 Pseudo-Isidoro
1004 1307 1181 1373 confictus.

366 1424 401 1489 3Ο
420 1424 468 1487 De
488 1429 610 1486 ornatu
631 1421 745 1485 calicia
763 1429 795 1484 et
814 1421 946 1487 attaris.
970 1459 1013 1469 —-
1033 1419 1165 1507 Mappae
1184 1422 1305 1488 attaris
1324 1422 1447 1488 debent
1558 1491 1559 1520 p

319 1536 494 1617 benedici;
513 1543 649 1601 constat
668 1535 759 1600 claro
780 1542 878 1600 textu
892 1533 1124 1600 Rubricatum
1141 1537 1297 1620 missalis,
1314 1547 1404 1626 part.
1420 1538 1445 1618 Ι,
1558 1539 1559 1612 t

317 1652 371 1716 tit.
394 1671 465 1718 xx:
490 1677 505 1711 a
528 1651 600 1715 Hoc
621 1650 727 1715 altare
746 1648 918 1736 operiatur
933 1649 1045 1713 trihus
1065 1651 1197 1736 mappis
1220 1673 1280 1715 seu
1305 1651 1446 1718 tobaleis

317 1765 471 1848 mundiS‚
494 1764 536 1830 ab
557 1763 723 1852 Episcopo
747 1763 801 1826 vel
822 1761 888 1827 alio
912 1761 1058 1828 habente
1082 1770 1286 1850 potestatem
1312 1767 1443 1831 benedi·
1558 1763 1559 1816 i

314 1882 399 1964 ctie,·
431 1909 446 1940 a
481 1878 572 1968 quod
597 1876 761 1964 repetitur
785 1882 873 1964 part.
905 1875 969 1954 ΙΙΙ,
992 1876 1047 1942 tit.
1077 1897 1116 1959 x,
1139 1899 1173 1944 n.
1203 1881 1232 1942 Ι.
1261 1879 1444 1959 —Quoad

314 2002 432 2060 autem
452 1995 563 2059 vetum
582 1991 696 2058 calicis
711 1997 745 2055 et
760 1991 912 2072 bursam,
930 1990 1011 2054 item
1031 1989 1143 2078 quoad
1162 1993 1399 2078 antipendium
1412 2005 1442 2059 et

313 2130 466 2190 erucem,
489 2130 556 2172 non
577 2113 678 2194 egent
701 2102 953 2184 benedictione,
975 2102 1018 2168 ob
1042 2103 1215 2170 silentium
1235 2105 1444 2174 rubricarum

229 2281 230 2284 ,
314 2222 377 2285 hac
397 2219 439 2284 de
459 2243 507 2286 re.
530 2221 573 2284 Et
593 2221 638 2286 ita
659 2242 788 2284 omnes¹

362 2472 457 2542 129.
477 2511 521 2520 —
541 2471 726 2540 Minister
746 2469 1036 2539 benedictionis
1060 2477 1398 2558 paramentorum.

362 2590 396 2651 10
415 2587 463 2652 De
479 2585 665 2672 Episcopis.
678 2583 920 2672 —Episcopus
937 2591 990 2648 est
1011 2585 1165 2649 minister
1175 2585 1370 2649 ordinarius
1388 2585 1441 2649 be·

314 2701 513 2767 nedietionia
528 2705 822 2785 paramentorum,
847 2697 935 2762 sieut
954 2705 989 2763 et
1007 2697 1149 2762 aliarum
1169 2695 1441 2763 benedictionum

312 2825 349 2882 et
368 2814 671 2882 consecrationum.
700 2851 744 2857 —
771 2812 834 2875 Hic
861 2811 951 2876 enim
977 2818 1085 2891 actus,
1108 2833 1230 2900 nempe
1252 2811 1441 2877 benedictio
1558 2875 1559 2880 ,

315 2936 605 3019 paramentorum,
623 2947 775 2990 annexus
796 2933 848 2990 est
867 2925 977 2989 ordini
997 2924 1195 3013 episcopati,
1217 2948 1284 2990 non
1305 2925 1441 3014 quidem
1558 2941 1559 3022 t

309 3045 388 3131 jure
409 3043 540 3122 divino,
562 3039 619 3105 sed
637 3039 713 3126 jure
733 3038 963 3103 ecclesiastico
983 3058 989 3104 :
1012 3039 1102 3127 quod
1127 3047 1259 3104 constat
1280 3063 1321 3104 ex
1342 3040 1441 3106 tradi·

316 3158 408 3220 tione
434 3154 678 3234 ecclesiastica;
707 3153 777 3219 sic:
807 3157 836 3216 Ι.
863 3153 956 3234 Jam,
986 3153 1021 3216 in
1047 3153 1191 3218 concilio
1218 3153 1438 3235 Pictaviensi,

313 3291 371 3332 an.
396 3268 493 3348 1100,
515 3290 589 3332 can.
612 3269 645 3348 d,
663 3267 809 3353 legitur:
828 3295 843 3324 α
862 3265 908 3332 Ut
927 3265 1043 3331 nullus
1063 3267 1269 3333 vestimenta
1288 3268 1442 3333 sacerdo-

316 3381 396 3447 talia
425 3381 480 3446 vel
508 3381 623 3445 altaris
651 3380 827 3461 utensilia,
846 3389 972 3465 praeter
991 3379 1214 3467 Episcopum„
1243 3379 1441 3446 benedicere

315 3497 535 3585 praesumat¹;
559 3523 575 3555 »
588 3533 631 3542 —
646 3493 677 3558 2.
701 3493 918 3558 innocentius
938 3492 1003 3576 111,
1025 3493 1060 3558 in
1080 3517 1141 3560 suo
1160 3517 1261 3582 opere
1280 3495 1331 3559 De
1348 3517 1440 3559 sacro
1558 3489 1559 3520 Ι

313 3612 435 3676 altaris
465 3609 642 3696 mysterio,
671 3605 730 3672 lib.
755 3607 785 3689 Ι,
808 3629 836 3672 c.
860 3628 910 3685 ix,
937 3615 1119 3696 postquam
1148 3608 1281 3674 notavit
1301 3631 1439 3674 munera

310 3725 521 3811 presbyteris
536 3731 568 3786 et
587 3722 761 3807 Episcopus
781 3722 986 3806 communia,
1013 3723 1060 3786 sic
1089 3721 1184 3788 addit
1208 3745 1352 3788 munera
1369 3745 1438 3807 spc-

312 3839 412 3904 ciatia
433 3839 678 3924 Episcoporum
691 3857 703 3900 :
722 3861 738 3894 «
760 3832 827 3900 Sed
844 3835 1036 3920 specialiter
1054 3837 1099 3900 ad
1117 3837 1296 3922 pontifices
1314 3843 1438 3923 spectat

313 3953 453 4018 clericos
480 3951 650 4029 ordinare,
681 3947 858 4036 pontifices
887 3972 1141 4032 consecrare...,
1163 3947 1324 4015 basilicas
1348 3949 1437 4016 dedi-

309 4090 404 4148 care,
428 4065 575 4153 synodos
600 4061 786 4143 celebrare,
808 4045 952 4127 chrisma
980 4063 1161 4144 conficere,
1184 4071 1287 4128 vectes
1306 4072 1339 4127 et
1364 4085 1436 4128 uasa

342 4303 350 4334 ¹
370 4299 468 4356 Mansi,
484 4297 617 4355 Concitia,
635 4301 653 4346 t.
668 4312 714 4350 xx.v
729 4297 780 4344 cot.
799 4301 866 4344 1123.
