3180 5024
82 539 107 570 Ο

250 485 295 536 DE
314 482 581 535 TRANSMISSIONE
600 483 641 533 ET
660 481 884 536 cottttcttottss
903 481 1200 535 ELEEttostNtnUM
1238 480 1289 535 ¹89

239 788 311 862 52.
333 788 386 846 De
406 785 780 844 admlnlstratorlbus
799 783 1064 854 eccleslarum,
1084 785 1206 858 quoad

390 881 642 940 retentionem
662 881 780 954 partis
799 881 1057 954 eleemosynae.

203 1095 272 1164 99.
291 1132 335 1144 -
350 1092 710 1162 Administratores
729 1090 1002 1172 ecclesiarum,
1028 1093 1142 1178 quoad
1164 1093 1288 1180 stipen-
1392 1071 1397 1088 ’

159 1211 215 1275 dia
235 1209 511 1293 missarumque
531 1207 595 1293 ipsi
615 1206 768 1272 tradunt.

205 1325 239 1388 l⁰
265 1320 359 1388 Nihil
390 1327 536 1408 possunt
568 1321 714 1386 retinere
740 1340 806 1405 pro
841 1321 956 1386 decore
993 1328 1054 1385 aut
1090 1329 1287 1386 ornamento

159 1436 317 1520 ecclesia,
344 1440 418 1516 aut,
441 1434 476 1498 in
500 1455 641 1521 genere,
665 1435 701 1498 in
719 1434 848 1499 bonum
874 1443 907 1498 et
928 1434 1110 1500 utilitatem
1128 1435 1285 1520 ecclesia,

159 1549 239 1616 licet
256 1549 328 1615 haec
346 1547 512 1614 reditibus
532 1553 657 1613 careat.
678 1585 723 1598 -
748 1549 821 1614 Hoc
841 1547 1112 1614 demonstratum
1135 1540 1288 1616 remanet

160 1685 201 1728 ex
220 1663 273 1728 his
292 1685 368 1751 quae
387 1685 489 1752 supra
508 1660 695 1728 dictasunt
716 1662 768 1748 (n.
792 1661 877 1751 94).

203 1777 237 1841 2⁰
256 1775 349 1842 Num
367 1783 482 1842 autem
501 1781 536 1841 et
555 1783 724 1865 quatenus
743 1775 871 1865 aliquid
890 1775 1035 1841 retinere
1055 1777 1203 1865 possint,
1220 1799 1288 1863 pro

157 1891 262 1956 sacris
276 1890 476 1956 utensilibus
489 1890 629 1978 (nempe
644 1889 865 1978 paramentis,
882 1912 970 1970 cera,
985 1889 1077 1970 vino,
1088 1912 1187 1977 pane,
1205 1891 1285 1978 etc.)

158 2027 233 2093 quae
258 2002 491 2070 sacerdotibus
515 2001 793 2084 subministrant,
824 2003 896 2068 sive
920 2026 982 2091 pro
1009 2002 1122 2068 missis
1146 2025 1287 2068 manua·
1358 2025 1360 2032 ·

161 2117 263 2202 libus,
286 2117 357 2184 sive
376 2141 438 2206 pro
458 2117 573 2183 missis
592 2117 782 2205 perpetuis,
805 2117 930 2184 dieitur
949 2118 984 2181 in
1004 2139 1033 2183 c.
1056 2138 1125 2184 nn.

302 2441 322 2514 ς
340 2441 374 2500 3.
396 2443 450 2500 De
469 2439 592 2514 poents
611 2445 745 2499 contra
764 2455 900 2514 pravos
922 2441 1145 2502 collectores

441 2537 770 2609 eleemosynarum
789 2535 1008 2594 missarum.

205 2747 300 2816 100.
318 2785 362 2796 -
385 2749 535 2816 'l'extus
564 2747 863 2816 constitutionis
886 2746 1088 2834 Apostolicae
1111 2747 1218 2812 Sedis.
1244 2785 1288 2798 -

159 2863 242 2930 Haec
254 2861 306 2926 Pii
322 2861 368 2926 IX
381 2861 592 2943 constitutio,
606 2861 686 2926 data
699 2861 719 2924 d
732 2860 809 2925 idus
822 2859 971 2924 octobris
986 2857 1085 2942 1869,
1100 2859 1149 2925 Dc
1159 2881 1289 2924 accom-

160 2975 462 3060 municationibus,
483 2978 499 3060 ἓ
518 2975 555 3056 2,
577 2997 613 3040 n.
637 2975 697 3057 12,
719 2973 869 3039 declarat
894 2971 1068 3062 subjectos
1093 2996 1289 3040 excommu-

158 3089 322 3156 nicationi
336 3090 414 3155 latae
430 3089 608 3155 sententiae
625 3075 779 3164 Romano
793 3087 952 3154 Pontifici
967 3067 1168 3176 simpliciter
1181 3109 1289 3154 reser-
1324 3139 1328 3148 .

158 3211 268 3270 vatae:
291 3231 308 3265 «
328 3203 533 3290 colligentes
551 3203 777 3288 elcemosynae
798 3203 941 3290 majoris
958 3203 1064 3289 pretii
1073 3225 1140 3290 pro
1161 3201 1286 3287 mnan,

159 3327 192 3383 et
216 3340 257 3384 ea
281 3317 321 3383 iis
346 3318 482 3383 lucrum
504 3323 692 3403 captantes,
713 3317 870 3402 faciendo
889 3339 943 3383 aas
963 3317 1130 3383 celebrari
1151 3319 1185 3384 in
1211 3318 1290 3383 locis

160 3432 220 3497 ubi
246 3433 428 3497 missarum
457 3431 625 3517 stipendia
655 3432 796 3496 minoris
818 3433 924 3517 pretii
954 3455 1022 3498 esse
1044 3433 1184 3498 colent&
1210 3459 1226 3494 »
1246 3469 1291 3481 —

159 3545 242 3611 Haeo
259 3568 360 3634 poena
378 3545 546 3633 originem
565 3544 667 3611 habet
691 3567 710 3610 a
731 3544 907 3611 Benedicti
928 3545 1007 3610 XIV
1035 3545 1131 3611 brevi
1156 3543 1290 3622 Quanta

159 3681 259 3744 cura,
288 3659 329 3725 30
352 3657 442 3746 junii
470 3657 586 3741 tttt2,
619 3657 678 3724 ubi
709 3665 827 3725 contra
860 3658 1059 3746 hujusmodi
1088 3657 1290 3746 colligentes

45 3813 52 3824 ·
159 3772 266 3838 edidit
283 3795 419 3861 poenas,
446 3773 835 3839 excommunicationem
859 3780 978 3838 contra
1001 3772 1123 3854 laicos,
1150 3793 1290 3861 suspen-

159 3887 290 3953 sionem
313 3893 431 3952 contra
455 3886 613 3971 clericos,
638 3894 818 3976 utramque
843 3893 1051 3952 reservatam
1076 3886 1176 3952 Rom.
1199 3885 1291 3952 Pon-

158 3999 252 4066 tifici.
274 4000 431 4067 Cessavit
450 4001 628 4089 suspensio
648 4009 767 4067 contra
791 4000 945 4080 clericos,
971 4023 1077 4089 quum
1101 4022 1169 4064 non
1189 3999 1291 4065 fuerit

192 4210 202 4244 ¹
220 4209 260 4258 Pii
275 4209 313 4260 1x
332 4173 413 4270 Acta,
430 4211 538 4273 Romo),
555 4215 628 4278 1⁸71,
646 4216 664 4262 t.
681 4227 708 4272 v,
723 4227 751 4276 p.
767 4217 806 4260 6³.

192 4289 293 4340 ²eutt.
308 4290 418 4352 Bened.,
435 4294 455 4342 t.
471 4307 493 4350 1,
509 4307 535 4342 n.
551 4307 613 4341 xxn.
