3174 5046
319 473 355 528 64
806 475 850 524 DE
868 471 967 525 ulssa

369 619 435 688 29.
453 658 496 668 -
511 619 712 695 Quantus
732 619 770 684 1⁰
792 615 1016 693 Quandonam
1040 617 1129 680 adsit
1152 638 1252 680 causa
1274 618 1451 682 necessita-

323 735 377 816 tis,
399 734 443 797 ad
461 737 618 817 effectum
638 733 678 796 de
697 755 765 818 quo
784 733 928 817 aqitur?
941 769 985 780 —
1005 730 1109 817 Resp.
1126 749 1143 796 :·

368 849 399 910 1⁰
419 847 605 910 Deficiente
625 845 699 932 lege
720 847 857 932 scripta,
880 867 954 932 quae
974 844 1114 910 definiat
1129 844 1349 931 quandonam
1362 844 1454 910 adsit

320 959 479 1048 praidicta
500 982 600 1024 causa
620 960 852 1040 necessitatis,
874 958 1117 1023 recurrendum
1137 957 1252 1023 estad
1272 957 1453 1024 doctorum

317 1095 534 1138 communem
548 1073 741 1162 opinionem
758 1080 791 1138 et
806 1071 849 1136 ad
857 1071 1163 1160 jurisprudentiam
1171 1072 1353 1138 Sacraruni
1363 1071 1453 1137 Con-

320 1188 570 1276 gregationum.
593 1188 714 1267 Porr0,
741 1185 794 1250 his
818 1185 997 1273 inspectiS,
1021 1185 1201 1250 dicendum
1227 1193 1280 1250 est
1303 1185 1348 1254 ad
1368 1209 1454 1274 prae-

320 1301 425 1367 satam
445 1299 680 1366 necessitatem
701 1301 765 1365 tria
786 1299 910 1388 requiri
934 1317 940 1364 :

364 1439 395 1481 a.
418 1416 463 1480 Ut
485 1414 642 1480 sacerdos
668 1453 712 1462 -
736 1413 791 1478 vel
817 1421 912 1498 repat
939 1413 1023 1477 duas
1042 1412 1225 1497 parochias
1249 1413 1333 1478 adeo
1363 1415 1454 1477 inter

319 1553 352 1593 se
371 1530 516 1610 dissitas,
539 1529 609 1592 sive
625 1528 776 1593 locorum
797 1527 971 1608 distantia,
993 1527 1068 1592 sive
1082 1526 1213 1591 itineris
1233 1525 1450 1602 difficultate,

322 1650 358 1706 ut
376 1641 491 1726 fideles
512 1643 611 1705 unius
633 1663 698 1706 non
713 1642 845 1726 possint
864 1641 898 1704 in
913 1640 1054 1704 alterius
1069 1640 1240 1704 ecclesiam
1255 1643 1453 1722 convenire;

319 1793 362 1804 —-
381 1755 436 1820 vel
457 1755 491 1818 in
512 1777 579 1819 una
594 1755 758 1840 parochia
780 1755 902 1818 habeat
929 1755 1013 1818 (tuos
1027 1753 1190 1839 populos,
1217 1753 1300 1818 adeo
1315 1755 1452 1839 pariter

318 1871 408 1934 inter
425 1891 458 1934 se
478 1869 626 1952 dissitos,
651 1876 687 1932 ut
708 1869 920 1953 nonpossint
939 1866 1043 1931 simut
1066 1868 1166 1931 arrabo
1191 1869 1389 1950 convenire,·
1407 1907 1451 1916 —

320 1983 374 2048 val
403 2005 505 2048 unam
531 1983 669 2068 quidem
697 1983 818 2046 haheat
847 1981 1034 2063 ecetesiam,
1066 1981 1113 2044 ita
1141 1989 1252 2044 tamen
1286 1991 1323 2044 ut
1351 1981 1451 2066 pleds

321 2098 474 2161 universa
502 2118 568 2160 non
590 2097 697 2181 possit
722 2096 826 2160 simut
845 2095 1035 2178 conuenire,
1058 2093 1129 2158 sive
1153 2102 1293 2182 propter
1316 2096 1450 2181 exigui-

319 2217 425 2273 tatem
445 2209 612 2288 ecclesiae,
635 2209 805 2296 sivequia
825 2207 942 2272 fideles
962 2229 1030 2272 non
1050 2214 1194 2296 possunt
1209 2230 1328 2272 omnes
1345 2209 1449 2274 simul

317 2321 437 2386 abesse
458 2343 476 2385 a
496 2321 566 2386 suis
585 2321 758 2402 domibus,
781 2329 845 2386 etc.

363 2436 397 2500 b.
424 2433 470 2500 Ut
497 2457 565 2498 non
592 2435 636 2500 sit
662 2435 749 2500 alius
778 2436 936 2501 sacerdos
970 2435 1027 2523 qui
1058 2442 1182 2522 praesto
1212 2435 1257 2500 sit
1285 2436 1328 2500 ad
1360 2437 1448 2501 cele·

319 2548 482 2613 brandam
516 2548 655 2613 missam
696 2556 729 2614 et
767 2550 814 2614 sic
848 2548 1092 2615 occurrendum
1131 2549 1327 2614 necessitati
1369 2549 1449 2616 tide-

318 2663 413 2728 lium.

362 2803 390 2843 c.
413 2777 458 2844 Ut
478 2783 598 2864 agatur
617 2776 658 2841 de
678 2774 732 2842 die
748 2777 917 2842 dominico
937 2777 993 2842 vel
1011 2776 1098 2841 festo
1118 2777 1158 2839 dc
1173 2787 1354 2863 pra-cepto.

363 2891 530 2957 Constant
560 2890 631 2955 haec
660 2891 774 2955 omnia
804 2909 810 2956 :
844 2890 875 2956 1.
910 2890 960 2954 Ex
990 2889 1166 2956 Benedicti
1195 2889 1274 2954 XIV
1301 2891 1446 2978 epistola

318 3005 515 3088 Declarasti,
534 3005 573 3070 16
588 3004 700 3070 martii
717 3003 803 3070 1116
815 3007 836 3086 ¹,
858 3004 901 3069 ad
916 3003 1113 3092 episcopum
1129 3002 1333 3086 Oscensem,
1356 3027 1444 3093 quae,

317 3118 398 3182 licet
427 3141 495 3183 non
523 3119 567 3182 sit
597 3117 663 3183 nisi
690 3118 834 3206 epistola
861 3116 904 3184 ad
929 3139 1035 3182 unum
1063 3117 1279 3205 episcopum,
1310 3141 1443 3206 magnae

318 3217 431 3294 tamaii
465 3231 676 3296 auctoritatis
703 3238 770 3313 est,
810 3238 928 3319 utpote
957 3254 977 3295 a
1005 3237 1077 3296 tam
1105 3230 1206 3296 docto
1232 3237 1267 3296 et
1291 3233 1445 3320 sapiente

317 3343 476 3431 pontifice
496 3344 637 3432 scripta,
660 3343 843 3433 multisque
860 3345 989 3410 munita
1005 3344 1234 3425 documentis3
1252 3367 1353 3432 porro
1373 3346 1445 3411 haec

317 3456 430 3522 omnia
457 3479 557 3546 supra
583 3459 771 3546 perscripta
797 3459 922 3524 diserte
950 3459 1049 3524 docet
1074 3458 1277 3524 Benedictus
1307 3459 1387 3524 xiv
1410 3460 1443 3525 in

316 3569 455 3662 praefata
474 3570 635 3660 epistola,
651 3572 838 3660 praesertim
857 3575 890 3656 ἓξ
907 3571 1067 3648 Quamvis
1087 3557 1256 3656 nonnulii,
1277 3611 1322 3622 -
1347 3572 1445 3649 Quod

315 3689 344 3753 si
363 3686 530 3770 Limanae,
558 3723 602 3735 -
629 3685 680 3751 Ea
700 3686 918 3772 potissimum
926 3705 940 3770 ,·
965 3723 1009 3734 -—
1033 3685 1065 3750 2.
1094 3685 1144 3751 Ex
1162 3686 1442 3772 jurisprudentia

316 3799 501 3866 Sacrorum
520 3798 617 3863 Rom.
637 3799 968 3885 Conpreqationum,·
987 3799 1035 3864 sic
1051 3818 1058 3866 :
1073 3821 1104 3864 a.
1123 3798 1158 3864 S.
1174 3799 1299 3885 Congr.
1321 3800 1439 3878 Cone,

314 3921 394 3980 ante
414 3921 566 4001 tempora
583 3911 757 3978 Benedicti
772 3913 863 3996 XIV,
884 3915 982 4001 plura
1000 3935 1163 3999 responsa
1177 3912 1284 3978 edidit
1303 3913 1336 3978 in
1356 3921 1450 4002 prae-'

349 4120 355 4152 ¹
369 4117 441 4166 nuit.
454 4115 562 4176 Bened,
578 4121 597 4166 t.
613 4131 639 4177 u,
656 4131 681 4164 n.
694 4129 734 4176 ni;
747 4116 815 4166 hanc
828 4116 925 4176 habes,
940 4120 970 4166 ut
979 4117 1036 4180 jam
1047 4117 1112 4177 dixi,
1128 4117 1162 4164 ad
1173 4117 1275 4166 calcem
1286 4117 1438 4174 voluminis,

316 4197 511 4246 Documentum
527 4195 562 4247 it.
574 4223 602 4232 -·
616 4196 655 4244 Ct.
672 4197 754 4246 ctiam
765 4196 904 4246 Benedicti
919 4196 983 4244 xiv
999 4195 1038 4245 De
1050 4195 1186 4259 sacrificio
1202 4195 1302 4256 mbas,
1319 4199 1387 4259 part.
1405 4195 1438 4253 11,

316 4291 342 4323 n.
358 4280 455 4334 33-39,
472 4275 597 4336 Lovanii,
615 4281 688 4336 iios,
704 4291 730 4340 p.
747 4281 776 4326 18
793 4291 833 4338 sq.
