3174 5046
433 452 477 502 DE
496 451 653 512 TEMPORE
673 451 933 504 cununnnrroms
953 453 1061 504 MlSSAE
1276 453 1313 504 39

184 589 270 655 ritus
289 589 375 654 forte
395 609 463 652 non
484 587 737 652 retroaseendat
755 587 799 652 ad
821 594 976 653 sanctum
996 587 1217 652 Ambrosium
1244 587 1307 670 (cf.

184 726 298 793 supra,
320 725 355 768 n.
380 702 446 784 13,
467 701 532 789 4⁰),
555 707 607 766 est
631 707 746 766 tamen
765 701 1040 788 antiquissimus,
1062 709 1101 767 ut
1125 702 1310 767 ostendunt

184 825 299 884 vetera
322 816 494 880 Missatie¹
519 814 619 902 hujus
645 815 749 897 ritus,
775 838 850 902 quae
883 822 963 880 sunt
987 838 1005 880 e
1034 816 1158 880 saeculo
1184 837 1246 896 xu,
1276 822 1309 880 et

184 931 315 996 nullam
335 928 496 994 exhibent
515 927 655 993 missam
669 951 731 1015 pro
750 928 803 992 his
822 928 933 1012 seriis,
955 929 1037 994 dum
1057 927 1217 994 exhibent
1248 951 1313 1016 pro

185 1044 271 1114 aliis.

227 1159 264 1222 2⁰
283 1157 431 1224 Omnino
446 1155 552 1243 jussit
578 1162 716 1220 sanctus
742 1155 901 1237 Carolus,
929 1163 968 1221 ut
996 1157 1100 1222 missa
1126 1179 1194 1222 non
1224 1157 1313 1222 cele-

183 1271 338 1338 braretur
369 1270 470 1336 dictis
501 1270 609 1350 serim,
638 1275 677 1334 ut
707 1275 840 1334 constat
872 1269 1010 1355 Synodo
1042 1271 1240 1352 dioecesana,
1270 1271 1311 1352 3,

183 1385 310 1451 decret.
335 1385 378 1450 20
394 1385 416 1449 ².

227 1498 264 1565 3ο
284 1498 348 1564 Hic
372 1497 459 1562 ritus
485 1497 596 1562 adhuc
621 1496 720 1561 hodie
750 1503 920 1578 servatur;
943 1520 1048 1585 quum
1078 1504 1208 1579 autem,
1236 1505 1313 1563 toto

181 1620 334 1700 tempore
354 1609 647 1697 Quadragesimee,
669 1609 763 1675 nulla
792 1610 960 1675 festivitas
994 1612 1034 1675 de
1061 1611 1194 1676 Sanctis
1218 1611 1310 1676 cele·

182 1725 298 1790 bretur
316 1724 351 1788 in
364 1724 433 1789 ritu
453 1722 683 1804 ambrosiano,
701 1729 734 1788 et
751 1724 799 1788 sic
814 1723 901 1789 festa
917 1724 1024 1789 saneti
1038 1725 1166 1812 Joseph
1186 1731 1220 1789 et
1235 1724 1309 1788 An-

181 1837 406 1904 nuntiationis
422 1838 460 1902 B.
479 1837 527 1903 M.
542 1838 581 1902 V.
605 1837 824 1902 remittantur
841 1839 883 1903 ad
903 1860 1056 1903 mensem
1078 1837 1305 1918 decembrem,

181 1953 291 2019 clerus
307 1951 569 2018 mediolanensis
580 1975 599 2016 a
610 1951 696 2017 Sede
716 1951 902 2039 apostolica
915 1951 1111 2038 impetravit
1124 1951 1309 2034 indultum,

181 2067 216 2132 vi
236 2067 333 2155 cujus
354 2065 462 2153 possit
481 2064 640 2153 deinceps
665 2064 835 2130 celebrare
854 2065 926 2130 hac
950 2065 1054 2146 festa,
1082 2089 1159 2130 cum
1189 2065 1309 2130 officiis

181 2189 216 2246 et
242 2179 356 2244 missis
389 2178 600 2268 approbatis,
627 2179 747 2244 diebus
775 2180 815 2246 19
845 2185 878 2244 et
909 2180 951 2246 25
985 2179 1114 2262 martii,
1145 2180 1246 2244 etiam
1279 2182 1309 2244 si

182 2293 330 2357 incidant
357 2293 391 2356 in
415 2293 521 2377 ferias
543 2299 674 2374 sertas,
702 2293 846 2359 servatis
872 2292 1026 2358 rubricis.
1056 2291 1232 2358 Indultum
1255 2300 1307 2358 est

182 2407 249 2472 diei
268 2406 310 2472 23
330 2405 489 2470 februarii
505 2405 584 2470 anni
606 2405 724 2472 18913.

226 2627 291 2697 18.
312 2666 355 2675 —
379 2626 495 2695 Ritus
515 2624 742 2694 orientales.

226 2740 257 2804 l⁰
277 2740 316 2805 In
336 2763 471 2828 genere,
495 2738 585 2827 apud
604 2739 798 2822 orientales,
820 2762 881 2827 per
895 2747 1005 2804 totum
1025 2739 1148 2826 jejunii
1162 2739 1309 2827 quadra-

179 2854 352 2943 gesimalis
367 2861 516 2941 tempuS,
534 2875 603 2917 non
623 2852 812 2918 celebratur
835 2876 915 2917 vera
935 2853 1051 2934 missa,
1075 2852 1141 2917 nisi
1161 2852 1311 2938 singulis

178 2967 327 3033 sabbatis
363 2973 397 3033 et
438 2967 616 3030 dominicis
649 2971 682 3030 et
715 2965 854 3052 insuper
893 2951 979 3031 sesto
1020 2965 1306 3030 Annuntiationis

179 3079 217 3147 B.
240 3081 288 3148 M.
311 3081 353 3146 V.
376 3079 466 3144 Aliis
491 3085 605 3144 autem
625 3078 761 3162 diebus,
788 3101 910 3168 nempe
933 3079 1082 3168 quinque
1101 3101 1162 3166 per
1175 3077 1306 3144 hebdo-

177 3195 329 3276 madam,
351 3217 420 3258 non
441 3193 565 3258 dicitur
583 3193 648 3258 nisi
667 3193 806 3280 liturgia
829 3215 890 3258 seu
913 3194 1017 3258 missa
1039 3193 1303 3277 Praesanctifica-

178 3317 303 3392 torum,
327 3307 369 3373 ad
388 3308 496 3372 instar
515 3307 628 3372 missae
647 3308 1026 3392 Praesanctificatorum,
1045 3331 1121 3395 quae
1136 3306 1225 3394 apud
1240 3329 1308 3371 nos

176 3480 317 3542 privilegio
337 3478 461 3542 speciali,
478 3478 568 3540 quoad
587 3477 706 3526 officium
726 3482 753 3526 ct
772 3479 860 3540 quoad
881 3479 1062 3537 feriationem,
1086 3479 1119 3526 ad
1138 3478 1223 3526 instar
1240 3477 1301 3525 sesti

176 3559 407 3608 Annuntiationis.
422 3557 474 3606 Sed
489 3558 541 3606 boc
561 3561 603 3606 est
621 3561 716 3606 contre
733 3573 903 3606 communem
923 3559 1090 3620 opinionem,
1112 3572 1160 3606 nec
1180 3557 1302 3618 sequitur

175 3655 190 3688 c
211 3639 328 3688 decretis
350 3639 385 3687 ab
407 3653 439 3686 co
461 3637 562 3687 relatis
584 3637 624 3686 Cl.
647 3637 791 3696 Caralicri,
812 3637 922 3697 Merati,
942 3639 975 3686 dc
997 3638 1095 3695 llerdt,
1116 3635 1215 3698 Carpo,
1237 3639 1299 3686 etc..

176 3719 242 3768 tocie
256 3718 301 3768 cit.

207 3799 214 3833 ¹
231 3799 272 3846 De
287 3799 386 3860 quibus
402 3797 437 3846 Lc
453 3798 540 3856 Brun,
554 3796 726 3860 Explication
741 3797 774 3845 ds
790 3797 815 3846 lo
836 3811 931 3854 messe,
953 3796 1127 3844 dissertation
1142 3793 1197 3842 lll:
1220 3793 1305 3843 litur-

172 3878 219 3942 [χιε
237 3877 441 3934 ambrosianae,
463 3877 552 3938 Paris,
573 3881 647 3937 1726,
664 3880 683 3926 t.
699 3893 731 3936 n,
747 3893 773 3940 p.
789 3881 841 3924 195.
863 3905 891 3912 -
911 3877 952 3925 De
972 3875 1022 3924 huc
1036 3875 1144 3938 liturgia
1163 3875 1197 3923 cl.
1218 3875 1298 3924 etiam

173 3957 325 4008 Mobillonii
341 3957 471 4006 Musaeum
487 3956 554 4015 irat,
573 3961 592 4006 t.
616 3973 638 4016 1,
654 3972 716 4019 pars
732 3956 770 4016 ll,
787 3973 813 4020 p.
830 3961 942 4014 95-1173
959 3984 988 3992 -
1005 3955 1171 4014 Andreucci,
1190 3955 1227 4002 De
1244 3953 1298 4002 ritu

172 4036 347 4086 ambrosiano
362 4036 478 4101 (Opere,
495 4037 603 4086 dissert.
620 4035 671 4096 111,
687 4037 793 4096 lionrae,
809 4042 883 4096 1166,
900 4039 919 4085 t.
937 4051 968 4095 n,
982 4051 1008 4100 p.
1025 4039 1051 4084 11
1067 4035 1128 4098 sq.).

203 4117 296 4166 ’Acta
312 4115 439 4166 Ecclesiae
453 4115 675 4176 Mediolanensis,
693 4117 827 4180 Lugduni,
850 4121 922 4174 1683,
940 4119 958 4165 t.
975 4132 996 4174 1,
1012 4121 1145 4178 111611-
1162 4115 1200 4163 Cs.
1217 4115 1301 4164 etiarn

172 4197 199 4248 S.
216 4197 304 4246 Caroli
319 4195 518 4246 Instructionss
528 4211 581 4260 pro
596 4197 822 4252 sacerdotibus...‚
841 4196 916 4253 ibid..
934 4212 959 4259 p.
976 4201 1030 4244 611.

204 4276 294 4326 idota
309 4276 334 4326 S.
349 4275 438 4334 Sedis,
456 4279 475 4325 t.
492 4293 566 4336 xxix,
582 4293 609 4340 p.
624 4282 677 4325 566,
