3174 5046
309 492 324 531 x
779 484 969 535 PROOElllUltl

309 665 407 736 istud
428 664 663 761 mysterium,
686 662 731 733 ad
755 661 933 758 majorem
955 661 1026 732 Dei
1049 661 1203 758 gloriam
1225 671 1261 732 et
1280 663 1436 733 salutem

309 793 503 866 hominum
539 794 763 878 institutum,
799 818 928 864 revera
960 792 1059 863 hunc
1087 800 1290 890 ‘utrumque
1324 793 1437 864 finem

310 925 493 997 efficacius
520 935 555 995 et
581 923 731 996 uberius
757 934 1026 1019 assequeretur.
1059 923 1136 995 Has
1163 923 1287 1022 itaque
1316 925 1435 1022 legeS,

309 1059 385 1128 hacc
405 1056 567 1168 decreta,
587 1055 677 1126 mihi
697 1055 735 1125 in
755 1054 945 1153 proposito
962 1064 1017 1125 est
1036 1079 1233 1152 exponere.
1255 1056 1437 1152 Dogmata

310 1188 532 1285 theologica,
562 1213 641 1284 quae
669 1185 713 1258 ad
738 1186 887 1256 missam
913 1195 1094 1284 spectant,
1122 1212 1142 1256 a
1168 1186 1350 1284 theologis
1374 1187 1438 1258 de-

309 1329 560 1392 monstrantur
598 1328 632 1389 et
671 1317 922 1404 declarantur;
964 1318 1051 1387 item
1090 1317 1183 1389 ritus
1220 1319 1330 1402 sacri,
1371 1344 1436 1390 seu

309 1450 534 1524 caeremoniae
568 1459 604 1520 et
640 1448 811 1532 rubricae,
849 1473 939 1544 quas
977 1448 1015 1518 in
1053 1449 1163 1520 missa
1197 1449 1364 1520 adhiberi
1401 1459 1437 1520 et

310 1581 498 1654 observari
519 1579 627 1676 jubet
651 1579 832 1664 Ecclesia,
860 1604 879 1649 a
907 1605 1015 1650 sacrae
1042 1581 1197 1677 liturgia
1223 1579 1437 1652 doctoribus

309 1715 417 1810 longe
437 1713 582 1809 lateque
602 1703 807 1782 traduntur.
826 1711 914 1782 Haec
934 1737 1021 1807 ergo
1042 1711 1166 1782 omnia
1181 1713 1434 1810 praetermitte,

311 1873 356 1916 ne
376 1845 506 1918 lalcem
527 1843 565 1914 in
585 1842 742 1914 alienam
764 1867 921 1912 messem
942 1841 1086 1914 mittere
1108 1843 1244 1915 videar.
1344 1889 1348 1894 -

360 1975 556 2048 Methodus
581 1984 704 2045 autem
729 1999 801 2070 qua
825 1999 913 2043 usus
938 1999 1019 2044 sum
1046 1973 1084 2044 in
1110 1973 1313 2045 scribendis
1337 1973 1436 2046 hisce

312 2105 613 2178 praelectionibus
624 2107 685 2192 ,et
698 2104 777 2175 aliis
793 2129 872 2201 quae
888 2130 992 2190 mox,
1006 2104 1149 2176 favente
1167 2105 1263 2192 De0‚
1282 2131 1438 2202 sequen-

313 2249 382 2323 tur,
414 2238 490 2308 haec
519 2246 605 2308 est:
637 2235 753 2332 Leges
785 2235 1048 2307 ecclesiasticas
1079 2262 1123 2306 ex
1152 2236 1240 2334 ipsis
1273 2234 1438 2308 fontibus

312 2369 457 2440 haurire
473 2368 611 2454 curavi,
626 2367 802 2437 nimirum
819 2393 864 2436 ex
879 2364 983 2438 libris
999 2367 1262 2453 Decretalium,
1279 2395 1324 2440 ex
1338 2367 1438 2440 Con-

312 2498 564 2570 stitutionibus
590 2498 843 2570 Romanorum
869 2497 1107 2584 Pontificum,
1130 2509 1166 2569 et
1186 2499 1437 2571 Conciliorum

312 2631 486 2718 decretis,
515 2655 590 2700 non
619 2628 889 2726 praetermissis,
918 2628 1001 2700 data
1028 2629 1236 2717 occasione,
1262 2630 1438 2727 legitimis

312 2761 548 2862 probatisque
575 2761 740 2832 locorum
770 2759 1111 2832 consuetudinibus.
1143 2762 1284 2866 Harum
1315 2773 1437 2834 autem

311 2896 434 2991 legum
455 2893 625 2964 idoneam
647 2903 683 2962 et
702 2891 948 2963 authenticam
969 2891 1310 2990 interpretationem
1332 2895 1440 2964 mini-

312 3036 490 3113 strarunt,
514 3035 591 3094 tum
611 3023 758 3094 decreta
783 3021 975 3094 Sacrarum
1002 3023 1253 3095 Romanarum
1275 3025 1439 3124 Congre-

311 3155 520 3253 gationum,
538 3180 620 3240 seu,
644 3155 681 3224 in
702 3177 853 3248 genere,
872 3154 1164 3251 jurisprudentia
1183 3167 1316 3228 sanctae
1334 3156 1439 3228 Sedis

311 3286 536 3385 apostolicae,
559 3295 637 3355 tum
657 3285 745 3354 item
766 3284 918 3381 probata
938 3285 1183 3374 consuetudo,
1202 3288 1339 3386 quippe
1359 3314 1439 3386 quae

312 3419 358 3488 sit
377 3417 516 3516 optima
539 3416 630 3512 legis
651 3416 849 3514 interpres,
877 3427 955 3487 tum
974 3417 1284 3515 peritissimorum
1312 3419 1439 3492 docto-

311 3575 392 3620 rum
428 3549 629 3620 sententiae.
669 3547 826 3619 Notitias
859 3548 1011 3647 insuper
1046 3549 1239 3622 historicas
1272 3551 1331 3622 hic
1360 3549 1439 3623 illio

311 3681 466 3766 inserui;
493 3681 627 3751 mirum
653 3680 751 3751 enim
772 3689 951 3778 quantum
971 3680 1063 3752 lucis
1088 3681 1215 3752 afferat
1233 3683 1309 3780 juri
1329 3709 1439 3755 cano-

311 3813 395 3884 nico
421 3811 598 3883 tradendo
618 3838 741 3882 rerum
762 3813 850 3884 olim
871 3823 1056 3910 gestarum
1078 3813 1320 3910 experientia;
1349 3840 1440 3912 quas

312 3945 411 4016 enim
430 3944 530 4040 leges
550 3969 570 4014 a
588 3942 718 4041 primis
739 3943 909 4015 Ecclesiae
931 3945 1072 4016 saeculis
1092 3943 1277 4016 institutas
1297 3947 1440 4043 perspi-

311 4077 380 4164 cis,
408 4085 444 4147 et
474 4075 649 4171 deinceps
682 4099 748 4172 per
778 4075 897 4144 varias
920 4085 1043 4146 aetates
1067 4085 1204 4146 attente
1236 4102 1439 4174 proseque-

228 4223 231 4230 '
311 4209 377 4297 ris,
405 4191 521 4277 multo
559 4205 718 4303 penitius
748 4205 939 4302 intelligis,
975 4217 1138 4277 mentem
1172 4233 1299 4282 earum
1330 4233 1437 4279 accu-
