3246 5026
546 529 591 580 DE
608 529 741 581 assumo
761 528 1001 582 EUCllillllS'l'lCO
1183 527 1186 536 '
1287 525 1341 581 329

213 672 411 754 perduraret,
423 671 518 752 jussit
532 671 734 745 Hincmarus,
755 679 789 732 ut
806 671 969 754 presbyter
986 670 1171 753 parochialis
1189 669 1338 751 usquead

213 777 306 838 horas
323 776 552 858 pomeridianas
566 776 694 858 jejunus
711 785 899 848 remaneret,
917 777 955 838 ad
973 776 1216 838 succurrendum
1233 795 1341 836 ncces·

213 883 356 944 sitatibus
368 881 608 956 defunctorum
626 881 822 964 Capitulare,
837 903 888 943 an.
904 883 974 956 852,
989 903 1016 943 c.
1036 883 1106 956 1x¹3
1121 881 1204 963 quod
1220 881 1339 961 capitu-

212 988 277 1048 lum
291 988 441 1048 insertum
460 994 506 1047 est
523 987 650 1048 decreto
663 986 821 1062 Gratiani,
835 1007 904 1048 can.
920 985 1105 1070 Presbyter,
1121 991 1151 1061 2,
1165 986 1238 1047 dist.
1254 985 1338 1048 XCI.

213 1092 280 1152 lmo
307 1093 456 1172 praelatus
485 1091 601 1152 abusus
630 1092 768 1171 vigebat,
798 1092 870 1152 licet
896 1092 1023 1152 omnino
1053 1091 1228 1164 moderate,
1255 1089 1338 1172 apud

213 1197 453 1270 Cistercienses3
468 1197 575 1278 siquis
591 1197 672 1257 enim
688 1197 781 1258 trater
794 1205 864 1278 post
878 1196 1036 1258 meridiem
1050 1204 1233 1269 moreretur,
1245 1197 1339 1256 missa

213 1322 269 1384 pro
295 1323 332 1362 eo
359 1301 506 1362 celebrari
534 1301 671 1374 solebat,
699 1303 792 1362 etiam
824 1323 879 1382 per
909 1302 1100 1363 sacerdotem
1128 1301 1199 1382 qui,
1227 1301 1257 1360 in
1285 1321 1339 1360 sua

213 1407 365 1468 matutina
395 1407 503 1479 missa,
531 1405 711 1468 ablutiones
737 1406 941 1488 sumpsr'sset,·
966 1407 1018 1488 qui
1045 1407 1161 1468 abusus
1189 1426 1251 1466 non
1281 1404 1339 1464 nisi

212 1511 327 1572 saeculo
342 1533 393 1572 xm
408 1511 549 1572 sublatus
564 1511 644 1573 est².
663 1513 775 1594 Sicque
791 1511 906 1594 ubique
921 1513 1054 1573 cessavit
1068 1511 1194 1572 abusus.

251 1619 284 1677 3⁰
301 1616 390 1678 Unde
409 1617 510 1677 missua
528 1637 635 1677 omnes
649 1617 798 1698 subjectae
812 1625 895 1690 sunt,
910 1618 975 1678 sine
988 1617 1051 1678 ulla
1069 1617 1264 1698 exceptione,
1279 1615 1340 1696 legi

209 1721 332 1802 jejunii.
348 1722 387 1782 Et
404 1723 448 1782 sic
465 1721 705 1783 ecclesiasticam
723 1721 919 1804 disciplinam
939 1723 1045 1782 bacin
1062 1744 1095 1783 re
1112 1729 1274 1802 exponunt
1286 1728 1340 1782 aut

212 1834 394 1908 supponunt
415 1827 576 1900 doctores,
601 1848 630 1888 v.
654 1849 699 1906 g.,
724 1827 833 1888 Petrus
856 1827 1065 1912 Lombardus,
1084 1825 1185 1904 Sent,
1204 1825 1258 1886 lib.
1283 1825 1338 1902 lV,

199 1931 283 1992 'dist
299 1931 386 2006 Vlll,
401 1953 432 1992 n.
444 1935 463 1992 3
473 1931 496 2006 ³,
512 1931 564 1991 ubi
578 1933 687 1992 recitat
701 1953 793 2014 supra
805 1931 855 2014 (n.
869 1934 958 2010 172)
969 1933 1065 1992 relata
1079 1931 1172 1992 verba
1186 1932 1218 1991 S.
1233 1932 1340 2009 Augu-

212 2037 303 2110 stini;
318 2037 350 2096 S.
363 2036 511 2110 Thomas,
523 2045 602 2118 part.
617 2037 674 2110 lll,
686 2059 718 2118 q.
731 2059 817 2112 xxxx,
829 2045 887 2098 art.
899 2041 930 2112 8,
942 2045 1002 2098 etc.
1014 2073 1054 2082 —
1065 2036 1265 2098 innocentius
1279 2035 1354 2122 111,

212 2163 239 2202 c.
256 2141 308 2202 Ec
318 2147 428 2222 parte,
445 2142 475 2216 5,
491 2143 537 2202 Da
551 2161 767 2202 csuuaaxrrona
783 2163 945 2218 urssxauu,
962 2141 1108 2224 prohibet
1123 2163 1161 2202 ne
1177 2141 1337 2214 sacerdos,

212 2245 259 2306 bis
272 2246 501 2320 celebraturus,
517 2247 548 2306 in
561 2248 656 2329 priori
673 2247 764 2308 missa
783 2255 885 2309 sumat
900 2248 1083 2310 ablutiones.
1094 2285 1134 2293 —
1147 2247 1222 2316 Quae
1234 2247 1340 2308 'omnia

213 2353 376 2413 confirmat
396 2353 562 2412 concilium
587 2353 842 2427 Constantiense,
863 2375 938 2415 sess.
961 2353 1036 2414 Xlll
1058 2355 1113 2432 (15
1131 2354 1212 2436 junii
1233 2353 1339 2431 1415),

212 2456 338 2518 decreto
359 2456 439 2518 Cum
461 2457 492 2517 in
517 2449 701 2519 nonnullis:
726 2483 741 2514 (ι
819 2459 978 2532 Declarat,
1000 2459 1139 2520 decernit
1158 2467 1189 2519 et
1210 2457 1338 2529 diffinit,

213 2562 310 2644 quod,
337 2563 409 2623 licet
432 2563 575 2623 Christus
600 2571 670 2644 po'st
693 2584 814 2624 coenam
839 2563 1007 2624 instituerit
1032 2571 1062 2624 et
1088 2564 1152 2624 suis
1178 2563 1341 2644 discipulis

212 2667 514 2730 administraverit...
530 2667 590 2729 hoc
608 2668 784 2730 venerabile
801 2676 1045 2742 sacramentum,
1062 2676 1182 2742 tamen,
1199 2669 1260 2729 hoc
1277 2688 1340 2728 non

213 2771 374 2848 obstante,
393 2794 551 2834 sacrorum
569 2795 723 2834 canonum
745 2773 915 2836 auctoritas
935 2773 1098 2833 laudabilis
1118 2781 1150 2833 et
1168 2772 1339 2853 approbata

213 2878 408 2939 consuetudo
433 2879 571 2939 ecclesiae
596 2879 732 2940 servavit
752 2886 782 2939 et
802 2885 915 2950 servat,
934 2877 1019 2959 quod
1039 2877 1219 2959 hujusmodi
1239 2873 1343 2937 sacra-v

213 2990 352 3043 mentum
371 3003 432 3044 non
448 2981 541 3045 debet
556 2967 672 3066 confici
680 2991 753 3066 post
772 3004 907 3062 coenam,
926 3003 1026 3066 neque
1040 3004 1060 3044 a
1073 2980 1225 3065 fidelibus
1240 2981 1342 3064 recipi

213 3107 275 3148 non
288 3086 418 3170 jejunis
438 3087 503 3149 nisi
521 3088 554 3150 in
574 3109 647 3149 casu
670 3088 868 3170 infirmitatis
874 3135 883 3166 ‚
900 3095 955 3150 aut
973 3087 1107 3150 alterius
1126 3086 1322 3148 necessitatis
1328 3134 1337 3165 ,

213 3211 231 3254 a
240 3191 319 3274 jure
334 3193 382 3254 uel
394 3192 540 3255 Ecclesia
555 3213 699 3255 concesso
714 3194 765 3255 uel
778 3193 915 3257 admisso
925 3193 947 3255 ⁴.
965 3219 979 3251 s
997 3193 1085 3263 Quod
1099 3194 1259 3254 decretum
1273 3213 1340 3273 spe-

213 3297 332 3358 cialiter
351 3305 382 3359 et
400 3319 543 3380 expresse
563 3307 594 3360 et
614 3307 682 3360 toto
702 3300 770 3382 ejus
794 3309 899 3361 tenore
920 3301 1018 3360 relato
1043 3299 1237 3360 confirmavit
1258 3297 1340 3360 Mar-

213 3403 297 3464 tinus
315 3404 354 3478 V,
369 3412 470 3465 const.
489 3402 527 3464 In
547 3403 730 3482 eminentis,
748 3407 766 3466 8
784 3406 846 3466 kal.
861 3406 963 3466 martii
985 3405 1092 3466 14185.
1108 3441 1147 3450 -
1161 3405 1218 3465 His
1235 3411 1339 3466 autem

215 3507 332 3569 ultimis
347 3509 466 3586 verbiS,
481 3507 546 3570 nisi
561 3509 593 3570 in
609 3531 682 3571 casu
699 3509 914 3592 infirmitatis,
929 3518 1005 3584 etc,
1020 3510 1186 3570 concilium
1201 3509 1340 3569 declarat

214 3613 366 3694 quosdam
379 3635 446 3675 esse
459 3635 547 3676 casus
563 3621 725 3696 exceptos,
742 3613 780 3675 de
794 3615 908 3696 quibus
921 3615 1036 3674 statim.

255 3719 287 3779 4⁰
309 3719 379 3780 Duo
401 3739 490 3781 casus
515 3721 560 3780 uti
582 3720 703 3801 excepti
726 3741 742 3780 a
766 3720 832 3799 lego
851 3719 963 3800 jejunii
986 3719 1099 3800 passim
1122 3717 1218 3779 habiti
1242 3723 1337 3777 sunt:

247 3945 255 3978 ¹
271 3946 374 4010 Migne,
391 3947 420 3996 P.
437 3947 476 4006 l..,
494 3952 514 3997 t.
530 3963 608 4007 cxxv,
625 3947 676 3997 col.
694 3953 747 3996 175.

245 4025 337 4083 ’Qum
357 4031 446 4076 narrat
462 4027 599 4078 Robertus
614 4027 688 4086 Sala,
704 4027 904 4086 cisterciensis,
921 4025 1118 4076 denotationes
1134 4027 1168 4074 ad
1184 4025 1269 4084 Bona,
1288 4025 1339 4075 lec.

214 4105 270 4165 cit,
286 4109 298 4166 5
313 4113 340 4166 1,
356 4111 412 4156 not.
429 4112 456 4165 3,
473 4123 499 4171 p.
515 4113 567 4156 111.

245 4187 374 4250 ’Mignffi
391 4187 420 4236 P.
436 4187 475 4246 lx,
493 4191 512 4237 t.
529 4203 610 4248 cxcn,
626 4189 677 4238 col.
695 4191 748 4237 857.

246 4267 373 4326 ‘Manen
389 4270 408 4317 t.
424 4281 509 4326 xxvu,
525 4269 577 4318 col.
593 4271 646 4317 111.

247 4345 353 4405 ⁵1bid„
369 4347 421 4396 col.
437 4353 507 4396 1215.
