3246 5026
357 505 402 555 DE
420 505 536 556 AETATE
555 503 738 558 rumonim
759 503 802 554 AD
821 501 1071 556 communionum
1228 501 1279 554 297

151 647 300 730 praedicta
327 647 421 708 verba
444 647 587 708 Christi:
617 645 693 708 Nisi
715 644 997 720 manducaveritis,
1027 653 1101 717 etc,
1130 645 1281 705 indirecte

151 754 300 814 foverunt
315 773 404 812 usum
420 753 650 813 communionis
665 751 878 833 parvulorum.

191 859 225 919 3⁰
245 858 366 918 Revera
389 858 575 919 documenta
597 857 708 918 horum
732 863 908 938 temporum
931 839 1199 916 demonstrantur
1223 875 1281 914 usu

152 963 248 1024 luisse
267 963 518 1024 communionem
535 963 747 1044 parvulorum.
765 962 839 1045 Sic:
859 964 886 1022 1.
904 960 1085 1032 Gennadius
1107 960 1217 1034 tradit,
1234 960 1284 1020 De

150 1067 373 1130 ecclesiasticis
394 1067 612 1152 dogmatibus,
634 1089 661 1130 c.
687 1090 739 1140 ιιι,
764 1067 927 1149 parvuIOS,
949 1067 1053 1128 statim
1074 1073 1145 1146 post
1165 1066 1280 1146 baptis-

151 1196 253 1248 mum,
271 1195 388 1236 sacram
400 1175 630 1236 ,Eucharistiam
652 1174 788 1254 recipere
808 1172 918 1233 solitos
933 1189 1021 1232 esse:
1042 1198 1056 1226 a
1074 1172 1106 1230 Si
1122 1181 1282 1252 vero'par-

152 1279 217 1341 vuli
233 1286 322 1352 sunt,
344 1279 392 1340 vel
409 1280 551 1354 hebetes,
569 1279 622 1360 qui
642 1279 815 1340 doctrinam
832 1297 894 1338 non
910 1277 1050 1358 capiant,
1072 1275 1281 1356 respondeant

151 1407 210 1467 pro
225 1385 286 1445 illis
301 1385 354 1466 qui
370 1406 424 1446 eos
438 1387 589 1457 offerunt,
603 1385 693 1466 juxta
705 1377 828 1444 ¹morem
848 1382 1042 1463 baptizandi;
1060 1388 1091 1441 et
1112 1382 1156 1441 sic
1172 1402 1282 1441 manus

151 1490 352 1571 impositione
366 1497 397 1551 et
408 1491 574 1551 chrismate
587 1489 782 1562 communiti,
795 1487 989 1548 eucharistia
1004 1486 1159 1568 mysteriis
1170 1486 1281 1546 admit-

151 1603 258 1656 tuntur
269 1595 277 1630 ¹
290 1615 298 1669 ;
316 1622 330 1650 ι)
341 1631 382 1640 -
392 1599 420 1656 2.
435 1595 744 1676 Pseudo-Dionysius
759 1594 888 1668 (saeculo
903 1615 921 1650 v
937 1593 986 1652 vel
1001 1598 1045 1666 vr)
1056 1592 1137 1652 idem
1155 1611 1282 1672 prorsus

151 1700 263 1774 tradit,
280 1701 311 1760 in
332 1699 411 1760 libro
431 1701 479 1762 De
498 1700 573 1762 eccl.
592 1697 788 1776 hierarchia,
806 1719 833 1759 c.
850 1719 907 1770 vu,
924 1705 939 1774 ς’
956 1703 988 1757 ll
1008 1715 1014 1758 :
1034 1723 1048 1752 u
1067 1696 1156 1765 Quod
1176 1703 1281 1757 autem
1332 1781 1334 1785 Ι

151 1805 286 1866 infantes
308 1825 448 1886 quoque,
470 1806 523 1886 qui
545 1826 600 1885 per
621 1811 744 1865 aetatem
768 1811 928 1885 nequeunt
954 1803 1143 1882 intelligere,
1167 1801 1281 1862 divinar

153 1909 411 1990 regenerationis,
428 1909 765 1992 sanctissimorumque
780 1907 895 1968 divina
915 1907 1145 1968 communionis
1167 1913 1282 1985 myste-

151 2014 274 2077 riorum
289 2015 465 2104 participes
484 2015 579 2097 fiant,
598 2015 734 2088 videtur,
752 2023 787 2075 ut
807 2014 926 2095 inquis,
944 2013 1123 2073 hominibus
1144 2011 1282 2092 profanis

152 2141 217 2182 non
231 2121 386 2181 immerito
401 2121 465 2181 risu
481 2121 647 2202 dignum...
657 2120 684 2194 ²3
700 2147 713 2176 n
725 2157 765 2165 —
775 2119 804 2180 3.
820 2119 996 2179 Concilium
1007 2117 1237 2178 Matiscouense
1254 2117 1280 2176 ll

152 2231 221 2300 (an.
248 2225 336 2300 585),
362 2247 390 2286 ο.
407 2247 451 2299 vr,
474 2226 567 2307 jubet
590 2233 626 2285 ut
650 2225 788 2306 reliquiae
813 2223 984 2284 hostiarum
1010 2229 1281 2294 consecratarum,

152 2339 263 2412 quarta
278 2330 327 2390 vel
343 2337 428 2392 sexta
446 2331 532 2404 feria,
550 2331 664 2390 deutur
684 2330 821 2411 parvulis
838 2329 955 2410 jejunis
966 2328 995 2403 ³;
1012 2365 1051 2374 -
1065 2327 1094 2388 4.
1113 2329 1280 2407 Euagrius,

153 2435 208 2517 qui
223 2435 379 2496 scribebat
393 2436 474 2498 circa
490 2455 605 2496 anuum
620 2435 695 2508 590,
712 2435 807 2495 tradit
822 2441 958 2494 veterem
976 2435 1069 2520 luisse
1085 2432 1284 2494 consuetudi-

154 2561 224 2601 nem
246 2541 276 2601 iu
298 2541 436 2602 Ecclesia
456 2541 822 2621 constantinopolitana,
843 2547 878 2600 ut
901 2539 1039 2620 reliquiae
1061 2538 1150 2619 panis
1172 2537 1283 2599 cucha-

155 2645 251 2706 ristici
267 2646 417 2708 darentur
431 2646 535 2727 pueris
550 2645 764 2726 impuberibus
775 2645 798 2705 ⁴.

198 2858 280 2920 158.
301 2839 340 2901 ss
362 2858 576 2920 communio
590 2857 827 2936 parvulorum
847 2853 990 2917 saeculis
1009 2851 1283 2932 posterioribus.

198 2966 228 3020 l⁰
247 2961 375 3023 Saeculis
395 2983 434 3022 vu
454 2971 486 3023 et
515 2984 575 3044 sq.,
596 2959 772 3022 communis
796 2965 864 3020 erat
890 2979 977 3036 usus,
1009 2965 1041 3017 ut
1063 2963 1136 3038 post
1161 2953 1283 3036 baptis-

156 3087 244 3127 mum
270 3065 408 3147 infantes
432 3088 522 3128 sacra
547 3065 772 3127 communione
789 3065 1006 3147 reficerentur.
1033 3062 1112 3123 Sic:
1144 3067 1168 3120 l.
1198 3058 1285 3120 Ordo

157 3157 308 3232 romanus
326 3170 344 3230 I
347 3219 356 3249 ,
374 3172 427 3254 qui
448 3153 543 3233 relerl
563 3171 720 3251 liturgiam
744 3190 904 3230 romanam
926 3176 1065 3249 tempore
1085 3166 1183 3226 sancti
1207 3165 1284 3226 Gre-

157 3275 236 3356 gorii
251 3275 358 3356 Magni
369 3278 392 3350 5,
409 3298 568 3359 exponens
584 3277 661 3337 ritus
680 3276 825 3357 baptismi
844 3276 875 3334 in
898 3274 1028 3334 sabbato
1051 3279 1174 3350 sancto,
1191 3269 1281 3332 dicit:

159 3406 173 3436 u
192 3381 273 3442 lllud
292 3390 396 3443 autem
412 3383 451 3443 de
471 3382 609 3464 parvulis
629 3381 856 3464 providendum
873 3389 935 3453 est,
952 3387 987 3440 ut
1002 3385 1167 3460 postquam
1183 3378 1285 3458 bapti-

159 3488 217 3548 zati
237 3487 367 3557 luerint,
390 3488 509 3548 nullum
532 3487 636 3548 cibum
658 3487 828 3568 accipiant,
852 3507 908 3546 nec
930 3487 1096 3558 lactentur,
1117 3489 1282 3560 antequam

162 3676 314 3739 impingens
340 3676 549 3730 innocentioct
571 3676 679 3725 Gelasio
701 3675 750 3738 (Le
774 3675 844 3737 Papa
870 3677 895 3722 ct
920 3673 944 3721 le
969 3671 1091 3723 Concita.
1117 3668 1285 3732 parianus,

159 3771 185 3817 p.
202 3757 307 3820 ιιι-63).
1100 3769 1106 3780 ·

190 3835 200 3870 ¹
218 3835 322 3899 Migne‚
340 3837 369 3884 Ρ.
385 3838 424 3896 L„
442 3841 460 3886 t.
477 3853 551 3895 auur,
568 3837 620 3886 col.
636 3841 690 3884 993.

190 3915 322 3978 ’Mlgnm
339 3917 367 3964 P.
386 3915 426 3974 G„
444 3919 462 3964 t.
480 3917 586 3986 mucol.
604 3921 658 3964 566.

190 3995 202 4030 ³
219 3995 319 4054 Bruns,
334 3995 469 4054 Concilio,
485 3999 504 4046 t.
519 4013 549 4056 u,
566 4013 591 4060 p.
608 4002 663 4044 251.

190 4077 201 4108 ⁴
219 4075 362 4138 Euagrius,
382 4077 413 4125 ll.
434 4077 475 4133 b„
496 4077 542 4125 lib.
562 4077 608 4136 lV,
625 4093 649 4127 c.
665 4089 759 4135 xxxam
778 4075 882 4137 Mignc,
904 4075 932 4123 Ρ.
951 4073 990 4132 G„
1008 4077 1026 4122 t.
1043 4087 1151 4128 cxxxvi,
1168 4085 1230 4134 pars
1247 4069 1287 4126 ll,

159 4156 212 4204 col.
228 4160 299 4203 2770.
853 4199 856 4205 .

193 4235 303 4287 ⁵‚lanta
322 4237 453 4286 Mabilton
473 4238 518 4300 qui
538 4237 613 4286 illum
633 4237 718 4285 edidit
737 4235 882 4286 ruarmo
912 4233 1016 4291 italico,
1038 4232 1151 4282 Lutetiae
1167 4229 1284 4278 Parisio-

161 4331 235 4374 rum,
252 4321 325 4376 1689,
343 4321 362 4366 t.
380 4334 410 4375 ιι,
427 4333 452 4380 p.
469 4322 532 4366 1-2.
