3180 5024
316 466 366 522 186
798 467 842 519 DE
861 467 960 520 Missa

359 613 427 681 97.
448 651 491 661 -
515 612 715 688 Quaeritur
742 611 781 679 2⁰
808 611 904 677 Num
934 611 1030 676 liceat
1055 613 1188 676 duobus
1208 611 1449 677 sacerdotibus

309 735 508 814 permutare
521 726 720 791 intentiones
735 726 932 810 missarum,
949 749 1015 791 non
1023 729 1229 812 permutatis
1240 726 1451 812 stipendiis?

358 841 456 926 Resp.
482 861 495 905 .·
523 841 555 904 1⁰
581 838 728 918 Quidam
758 847 913 906 auctores
930 837 1051 908 dicunt
1072 841 1138 906 hoc
1162 863 1237 906 esse
1264 840 1447 920 illicitum,

314 961 452 1043 propter
483 955 625 1040 speciem
655 953 765 1040 turpis
794 954 897 1038 lucri,
933 977 1003 1020 non
1032 961 1147 1020 tamen
1178 978 1254 1020 esse
1281 954 1448 1018 mortale.

316 1069 379 1151 Ita,
395 1074 473 1158 post
485 1069 652 1150 Concina,
670 1076 808 1134 sanctus
821 1068 1049 1156 Alphonsus¹,
1065 1092 1167 1157 quem
1182 1069 1316 1135 fortiter
1329 1067 1450 1133 delen-

316 1183 403 1249 dunt
428 1183 586 1248 Vindicta
601 1183 877 1268 Alpbonaianael.

254 1282 257 1289 ⁵
362 1298 396 1363 2⁰
407 1296 620 1364 Probabilior
632 1297 716 1362 mihi
726 1297 862 1363 videtur
869 1279 983 1386 opinio
992 1298 1108 1364 dicens
1117 1320 1258 1364 nonessc
1273 1297 1449 1362 illicitum.

317 1413 429 1478 Nam:
454 1412 484 1477 l.
514 1411 615 1478 Certo
636 1419 732 1477 actus
752 1435 854 1500 quem
873 1419 1005 1500 ponunt
1023 1411 1058 1476 hi
1078 1411 1283 1494 sacerdotes,
1306 1433 1378 1475 non
1399 1417 1451 1474 est

317 1527 373 1590 ille
393 1547 494 1612 quem
514 1526 733 1592 intenderunt
747 1533 782 1592 et
796 1527 1000 1592 damnarunt
1018 1525 1175 1592 Urbanus
1189 1525 1271 1591 VIII
1290 1531 1326 1590 et
1346 1524 1451 1590 Inno-

316 1640 448 1705 centius
467 1639 548 1721 XII;
571 1663 662 1721 nam,
685 1641 719 1706 in
739 1663 820 1707 casu
840 1642 1018 1724 damnato,
1035 1642 1209 1723 sacerdos,
1227 1641 1452 1707 committens

317 1754 376 1819 alii
400 1755 566 1820 sacerdoti
595 1756 735 1820 missam
761 1756 967 1844 tradensque
994 1757 1219 1844 stipendium,
1247 1779 1316 1820 non
1345 1753 1449 1819 tradit

318 1870 489 1956 integrum
509 1869 728 1958 stipendium,
741 1869 801 1934 sed
820 1878 950 1959 partem
969 1871 1110 1952 retinet3
1129 1871 1162 1935 in
1176 1893 1256 1935 casu
1271 1869 1448 1958 praesenti,

318 2007 388 2050 non
408 1985 519 2073 agitur
535 1985 576 2050 de
592 1985 786 2071 stipendiis,
804 1985 865 2049 sed
879 1991 1013 2050 tantum
1028 1985 1234 2050 intentiones
1248 1991 1451 2072 permutan-

319 2107 389 2164 tur:
401 2099 500 2164 hodie
513 2098 664 2164 celebras
677 2121 737 2186 pro
750 2121 817 2180 me,
830 2121 904 2164 cras
917 2097 1096 2168 celebrabo
1107 2123 1167 2186 pro
1179 2105 1228 2180 te;
1243 2099 1451 2164 undeetiam

319 2219 458 2276 sanctus
478 2212 677 2299 Alphonsus
697 2219 731 2277 et
754 2213 904 2278 Concina
924 2213 1073 2279 fatentur
1097 2221 1156 2278 aut
1180 2213 1303 2278 saltem
1323 2235 1452 2300 suppo-

318 2331 404 2389 nunt
423 2348 494 2389 rem
513 2348 581 2389 non
602 2348 676 2390 esse
692 2326 896 2414 prohibitam
912 2329 943 2392 ci
958 2329 1171 2392 decretorum
1195 2327 1329 2391 Urbani
1344 2326 1451 2408 (alio-

319 2439 412 2526 quin,
435 2439 555 2526 positis
570 2439 749 2526 ponendiS,
768 2448 858 2506 esset
877 2441 1027 2528 grau'Iter
1045 2441 1270 2530 prohibita)³;
1290 2478 1334 2490 -
1352 2441 1385 2505 2.
1404 2441 1450 2506 L't

320 2561 417 2618 acute
443 2553 525 2618 dicit
551 2554 694 2620 Billuart
721 2575 728 2622 :
761 2583 776 2616 u
805 2555 983 2645 Adjuvans
1006 2556 1060 2645 (id
1084 2563 1153 2638 est,
1179 2553 1357 2622 celebrans
1387 2578 1450 2642 pro

319 2667 416 2757 alio),
445 2691 512 2733 non
541 2669 605 2734 sibi
632 2669 716 2757 legit
750 2670 938 2758 (missam),
966 2670 1026 2734 sed
1049 2671 1163 2752 alteri,
1192 2693 1302 2758 neque
1326 2670 1450 2757 accipit

320 2783 526 2872 stipendium
538 2807 598 2871 pro
614 2807 722 2866 sacre,
739 2784 799 2848 sed
814 2783 925 2848 reddit
940 2783 1140 2873 obsequium
1155 2808 1216 2872 pro
1231 2782 1415 2872 obsequio;
1433 2811 1448 2845 n

320 2899 402 2964 dum
432 2899 466 2962 in
494 2921 574 2963 casu
605 2897 747 2980 Urbani,
786 2897 961 2963 celebrans
988 2899 1047 2986 qui
1082 2899 1209 2986 recepit
1240 2899 1450 2986 stipendium

320 3012 542 3095 diminutum,
565 3035 625 3076 suo
645 3011 780 3100 proprio
801 3013 937 3076 nomine
957 3011 1106 3077 celebrat
1125 3021 1158 3077 et
1182 3013 1348 3101 applicat,
1371 3014 1451 3100 quia

321 3127 436 3192 statim
463 3127 584 3214 accipit
610 3126 799 3191 dominium
819 3126 995 3214 stipendii,
1022 3126 1112 3192 unde
1132 3127 1199 3191 duo
1226 3149 1325 3192 casus
1350 3126 1451 3192 valde

320 3239 446 3305 diversi
474 3247 571 3320 sunt;
604 3279 647 3288 -—
682 3241 713 3306 3.
751 3240 976 3322 Permutatio,
1009 3240 1050 3305 de
1082 3263 1148 3329 qua
1191 3241 1341 3328 agimuS,
1378 3241 1451 3306 lieri

320 3359 433 3439 potest
452 3361 590 3440 propter
614 3353 761 3441 optimos
785 3355 887 3435 fines,
909 3377 943 3418 v.
965 3379 1014 3441 g.,
1038 3355 1116 3442 quia
1141 3355 1323 3442 applicatio
1349 3354 1452 3418 hodie

320 3471 434 3552 urget,
456 3472 490 3530 ct
509 3489 571 3554 ego
591 3466 771 3554 prohibeor
794 3467 962 3556 applicare
990 3475 1048 3532 aut
1072 3467 1258 3548 celebrare;
1286 3477 1346 3532 aut
1371 3469 1452 3556 quia

320 3581 528 3668 stipendium
548 3581 639 3668 quod
658 3581 788 3669 accepi,
811 3582 924 3646 minus
939 3605 1036 3669 ecquo
1051 3589 1119 3664 est,
1136 3589 1170 3646 et
1182 3605 1236 3647 me
1254 3583 1348 3670 piget
1365 3583 1453 3648 illud

321 3695 417 3760 alteri
438 3695 586 3775 tradere,
608 3701 666 3760 aut
686 3693 771 3759 alter
791 3695 899 3760 nollet
918 3695 1004 3760 illud
1023 3695 1187 3784 recipere,
1209 3703 1289 3778 ete,
1312 3703 1394 3762 ete:
1417 3699 1452 3761 in

353 3891 362 3925 ¹
380 3890 407 3940 S.
423 3891 514 3954 Alph.,
531 3891 578 3941 lib.
596 3889 642 3948 VI,
657 3905 682 3939 n.
699 3895 753 3948 ³22,
770 3889 835 3939 dub.
850 3893 872 3948 t,
884 3893 912 3939 ct
926 3891 1012 3940 Homo
1025 3893 1121 3954 apost„
1134 3894 1212 3940 tract.
1225 3891 1284 3950 XV,
1295 3891 1455 3942 nonnem-

323 3969 415 4029 ristia,
430 3987 455 4019 n.
473 3975 510 4022 71.

353 4051 364 4085 ²
384 4049 463 4100 Vind.
478 4051 570 4115 Alpa„
586 4054 656 4114 port.
669 4049 715 4108 IV,
731 4065 757 4112 q.
774 4056 801 4109 2,
821 4049 927 4110 nome,
947 4055 1020 4110 1873,
1034 4067 1060 4114 p.
1077 4055 1122 4100 386
1142 4066 1182 4114 sq.

353 4131 420 4179 ³Cl.
441 4131 568 4195 Gasperri
588 4131 662 4179 solus
685 4131 752 4179 dicil
773 4145 865 4179 casum
887 4134 1049 4193 presentem
1072 4146 1131 4180 esse
1152 4131 1310 4180 damnatum
1333 4131 1453 4182 decretis

322 4226 365 4260 an.
382 4215 455 4272 1625,
476 4213 602 4274 ideoque,
619 4211 707 4272 posita
724 4211 837 4259 materia
856 4211 944 4273 gravi,
966 4225 1022 4259 rem
1038 4225 1097 4260 esse
1116 4211 1235 4274 graviter
1254 4211 1392 4273 illicilum
1413 4213 1453 4262 Dc

321 4290 508 4350 Eucharistia,
525 4307 550 4338 n.
567 4295 625 4347 610,
642 4293 661 4338 t.
679 4306 699 4347 r,
716 4305 742 4352 p.
758 4293 812 4338 lte.
