3180 5024
380 547 424 597 DE
442 545 605 600 casuonla
624 547 738 598 SACRAE
757 545 986 600 nucunulsuru
1195 549 1248 602 275

120 690 180 754 siis
213 663 463 778 parochialibus
490 689 616 779 ubique
647 691 717 755 vim
750 690 892 758 hahuit:
922 715 1023 781 quam
1050 702 1249 782 supponunt

120 827 151 870 o.
175 802 355 890 Officium,
373 805 409 887 3,
433 805 483 870 Dn
503 825 625 872 orricio
641 825 941 886 luculentissimam
958 844 1002 854 -
1017 831 1047 874 c.
1069 805 1172 892 Sane,
1191 809 1247 888 ttl,

121 918 173 982 Da
192 938 427 986 onananarronn
446 939 623 1000 urssanun3
649 959 694 968 -
712 943 742 985 c.
768 919 977 1004 Statuimua,
1001 919 1031 1002 l,
1059 921 1109 986 Dn
1133 943 1250 989 cusro-

121 1053 175 1096 1111
190 1033 430 1113 Ecetranum
453 1033 523 1098 haec
543 1033 609 1099 duo
625 1035 813 1122 posteriora
832 1035 943 1122 capita
961 1035 1075 1123 potius
1095 1043 1251 1102 statuunt

122 1147 263 1211 modum
282 1171 349 1237 quo
369 1148 498 1213 servari
516 1146 638 1214 debeat
657 1170 750 1212 sacra
766 1147 989 1214 Eucharistia.

150 1261 203 1326 „2⁰
230 1260 316 1327 ltcm
345 1268 479 1327 constat
505 1261 647 1327 assertio
680 1261 810 1328 Rituali
837 1285 993 1346 romano,
1023 1264 1114 1351 quod
1141 1265 1252 1352 primo

121 1375 248 1440 dictam
269 1376 551 1442 cousuetudinem
571 1375 606 1440 in
621 1375 680 1464 jus
700 1375 863 1462 scriptum
883 1377 1041 1463 generale
1060 1377 1251 1460 transtulit,

122 1489 176 1555 tit.
196 1489 255 1572 lV,
274 1513 303 1558 c.
322 1511 344 1572 1,
367 1513 401 1556 n.
420 1492 463 1557 5:
483 1517 498 1552 a
523 1490 653 1555 Curare
668 1513 767 1578 porro
783 1490 880 1556 debet
897 1491 1099 1580 (parochus)
1120 1501 1156 1558 ut
1170 1516 1254 1580 per-

119 1612 223 1691 petuo
252 1603 385 1692 aliquot
416 1605 595 1690 particulae
624 1612 821 1669 consecratae
854 1628 894 1670 eo
926 1627 1068 1671 numero
1094 1607 1153 1695 qui
1176 1608 1253 1674 usui

121 1719 334 1784 intirmorum
361 1726 395 1784 et
427 1719 571 1785 aliorum
608 1717 758 1784 lidelium
794 1720 1024 1785 communioni
1062 1721 1145 1787 satis
1177 1745 1254 1788 esse

122 1835 249 1922 possit,
271 1841 509 1899 conserventur
527 1833 562 1897 in
589 1832 766 1920 pyxide.»
800 1832 840 1898 ln
865 1832 928 1898 hoo
955 1840 1052 1899 textu
1078 1842 1172 1921 patet
1198 1837 1253 1925 agi

123 1949 165 2015 de
199 1948 352 2014 ecclesiis
384 1947 649 2036 parochialibus,
689 1969 794 2035 quum
832 1955 1040 2035 praeceptum
1078 1947 1257 2015 intimetur

118 2063 284 2150 parocho.

169 2177 205 2244 3⁰
224 2175 433 2242 Gravissima
451 2198 552 2263 porro
572 2181 624 2240 est
645 2175 711 2240 ista
731 2173 893 2262 obligatio
917 2175 1075 2242 servandi
1095 2176 1256 2243 Euchari-

123 2291 225 2357 stiam
252 2289 286 2354 in
313 2289 465 2355 ecclesiis
493 2287 760 2376 parochialibuS,
789 2287 832 2353 ob
856 2287 1017 2355 viaticum
1036 2292 1122 2376 jure
1141 2292 1255 2358 divino

122 2404 406 2485 ministrandum3
427 2403 518 2470 unde
546 2403 590 2486 si,
619 2403 661 2469 de
688 2402 794 2484 facto,
821 2425 890 2467 non
914 2404 1022 2490 possit
1049 2405 1083 2469 in
1110 2405 1256 2492 ipsamet

123 2517 267 2586 ecclesia
285 2515 342 2583 vel
362 2517 434 2606 ejus
455 2516 616 2598 sacrario,
644 2523 783 2604 propter
801 2515 888 2581 hanc
907 2517 962 2582 vel
982 2517 1082 2583 aliam
1103 2542 1253 2601 causam,

123 2633 304 2714 asservari,
330 2657 364 2698 v.
393 2655 442 2720 g.,
471 2631 550 2720 quia
576 2631 717 2696 ecclesia
746 2637 932 2717 reparatur,
961 2631 1040 2718 quia
1064 2635 1256 2699 communis

124 2755 178 2814 est
211 2746 387 2814 catholicis
412 2754 446 2812 et
472 2745 656 2826 haereticis,
683 2752 764 2824 etc„
795 2752 877 2810 tuuc
907 2744 1066 2810 standum
1097 2754 1149 2811 est
1176 2746 1256 2812 huic

123 2863 367 2946 Instructioni‚
402 2884 504 2951 quam
537 2859 573 2926 S.
601 2859 727 2947 Congr.
763 2857 804 2923 de
836 2857 1059 2946 Propaganda
1079 2859 1178 2940 Fide,
1200 2860 1254 2926 die

124 2979 144 3045 3
172 2999 252 3064 aug.
287 2975 391 3060 1803,
425 2974 550 3040 direxit
580 2973 623 3040 ad
651 2972 854 3038 Helvetios:
889 2999 904 3033 α
928 2972 985 3038 Ad
1003 2972 1255 3060 impediendam

123 3113 374 3181 quamcumque
393 3088 646 3155 irreverentiam
662 3109 741 3175 erga
757 3110 810 3151 res
826 3109 954 3168 sacrae,
971 3087 1007 3154 S.
1027 3086 1255 3176 Congregatio

124 3229 194 3270 non
214 3203 346 3272 censuit
369 3202 585 3291 expedirent
608 3225 626 3266 a
650 3199 827 3268 catholicis
846 3208 1062 3267 asserventur
1085 3201 1122 3267 iu
1142 3225 1255 3269 sacra-

123 3320 192 3402 rio,
215 3318 305 3407 quod
331 3319 377 3384 sit
400 3317 485 3405 ipsis
513 3337 692 3382 commune
722 3337 800 3380 cum
827 3315 1112 3403 protestantibus,
1138 3316 1252 3383 oleum

123 3441 298 3514 sanctum,
333 3439 489 3496 sanctum
520 3429 666 3494 chrisma
704 3435 739 3494 et
768 3429 981 3495 sanctissima
1015 3429 1249 3512 Eucharistia;

119 3545 221 3636 jubet
253 3554 366 3612 autem
397 3567 436 3611 ca
469 3543 662 3611 conservari
684 3543 719 3607 in
751 3543 825 3608 loco
854 3543 992 3607 omnino
1025 3551 1180 3630 separato
1208 3543 1253 3610 ab

123 3661 337 3742 acatholicis3
364 3659 504 3749 quodsi
529 3681 598 3723 non
618 3657 663 3723 sit
686 3657 773 3723 alius
792 3657 888 3722 locus
912 3663 1027 3744 aptus,
1049 3680 1252 3724 conserven-

122 3783 181 3842 tur
199 3775 329 3864 potius,
347 3797 450 3863 quam
469 3771 706 3839 decentissime
720 3778 845 3858 potest,
863 3770 899 3835 iu
918 3770 1018 3835 domo
1038 3771 1176 3858 parochi
1195 3773 1250 3838 vel

123 3889 264 3956 alterius
283 3888 469 3956 sacerdotis
487 3885 674 3954 catholici¹.
694 3913 710 3946 n
728 3883 837 3964 Quam
853 3885 975 3950 iterum
989 3883 1250 3951 Instructionem

123 4004 215 4070 mitti
231 4003 336 4091 jussit
351 4002 393 4068 ad
408 4001 572 4068 vicarium
587 3999 810 4087 apostolicum
825 3999 842 4064 l
847 3998 956 4078 altnae,
973 3997 1015 4064 23
1031 4021 1108 4085 aug.
1128 3999 1214 4066 1852
1224 4005 1246 4064 ².

155 4201 164 4234 ¹
184 4197 253 4247 Vide
267 4201 372 4248 textum
381 4197 501 4247 italicum
511 4195 685 4258 originarium
700 4191 893 4242 lustr-actionis
901 4193 927 4240 in
938 4191 1107 4269 collectanea
1115 4192 1141 4241 S.
1151 4193 1248 4257 Congr.

29 4251 37 4274 ,-
122 4281 157 4328 de
173 4278 254 4342 Prop.
271 4279 349 4334 Fide.
367 4293 392 4326 n.
409 4282 468 4336 751,
484 4292 510 4340 p.
525 4281 578 4325 289.

30 4365 32 4372 '
156 4360 167 4395 ²
185 4359 255 4408 Ibid.
