3224 5044
254 555 299 605 ot:
318 553 586 606 TRANSlllSSlONE
605 557 647 606 ΕΤ
665 555 888 607 COLLECTIONE
908 556 1204 612 ELEElIOSYNthUM
1251 560 1306 612 tte

174 699 419 786 obligationem
438 699 494 764 vel
511 721 573 787 per
590 721 639 782 se,
661 699 716 764 vel
734 721 795 788 per
814 700 931 782 alium,
953 701 1053 767 modo
1077 703 1155 768 huic
1169 704 1303 792 justum

173 812 382 901 stipendium
407 811 580 878 concedat.
614 813 700 879 Nam
730 813 886 880 sacerdos
910 815 968 880 ille
996 817 1139 906 acquirit
1165 818 1303 906 quidem

174 925 363 992 dominium
383 925 625 1013 eleemosynae,
647 949 715 991 non
735 934 851 992 tamen
874 928 941 993 nisi
963 931 1071 1015 juxta
1094 931 1302 996 voluntatem

174 1041 308 1124 dantia,·
325 1063 426 1128 porro
447 1039 608 1105 voluntas
623 1041 737 1106 dantis
750 1047 803 1106 est
815 1042 968 1130 (quando
982 1043 1040 1108 dat
1055 1044 1127 1108 sine
1141 1045 1213 1110 ullo
1226 1068 1301 1133 per-

174 1177 267 1220 sonae
284 1153 450 1241 intuitu),
467 1162 506 1220 ut
522 1160 594 1220 tota
614 1155 830 1242 eleemosyna
849 1155 1051 1222 devolvatur
1069 1157 1112 1222 ad
1131 1157 1302 1224 celebran-

173 1277 260 1350 tem,
292 1269 371 1357 quia
394 1267 490 1350 inde,
519 1291 642 1356 nempe
669 1291 711 1334 ex
731 1268 867 1357 propria
894 1269 1014 1358 majori
1038 1270 1243 1338 liberalitate
1267 1273 1304 1338 in

175 1383 292 1449 ordine
310 1383 353 1448 ad
368 1383 481 1447 missae
497 1381 772 1466 celebrationem,
790 1389 904 1471 sperat
924 1383 988 1449 sibi
1008 1385 1153 1473 majores
1173 1386 1306 1452 tructus

175 1497 411 1586 acquirendos,
421 1503 460 1562 ut
473 1497 905 1585 aitsanctusAlphonsus¹;
921 1521 983 1564 nec
995 1497 1067 1564 ullo
1079 1499 1180 1565 modo
1195 1500 1301 1566 inten-

174 1614 225 1678 dit
244 1611 353 1678 iacere
372 1612 555 1701 gratuitam
574 1610 804 1678 donationem.

220 1727 266 1792 N.
282 1727 323 1793 B.
339 1765 382 1777 -
398 1729 428 1792 l.
445 1725 591 1806 Quidam
609 1733 765 1792 auctores
784 1725 1019 1814 probationem
1038 1735 1163 1793 nostrae
1182 1753 1306 1818 propo·

176 1841 309 1908 sitionis
333 1841 517 1907 desumunt
537 1863 579 1906 ex
603 1840 779 1906 Benedicti
802 1841 881 1904 XlV
909 1840 1005 1907 brevi
1038 1839 1171 1917 Quanta
1200 1865 1301 1926 cura,

177 1957 220 2024 30
235 1956 325 2044 junii
346 1955 427 2022 llll
442 1957 464 2040 ¹,
479 1955 539 2021 ubi
557 1955 703 2043 loquens
717 1954 759 2020 de
774 1955 838 2020 hoc
851 1955 961 2020 abusu
976 1954 1157 2042 (retinendi
1172 1963 1304 2044 partem

176 2070 419 2157 eleemosynae)
442 2068 515 2134 ait:
539 2093 554 2128 a
577 2066 676 2146 Quod
697 2089 790 2148 sane,
808 2067 915 2133 veluti
931 2068 1128 2134 mercaturis
1142 2069 1304 2135 faciendis

178 2209 198 2250 a
216 2184 326 2273 turpis
345 2183 432 2248 lucri
451 2181 636 2270 cupiditate
656 2182 850 2264 inductum,
872 2204 941 2247 non
960 2181 1072 2247 solum
1092 2182 1134 2248 ab
1154 2184 1309 2250 avaritiae

180 2298 372 2387 suspicione
403 2305 438 2363 et
465 2297 565 2380 vitio,
593 2319 711 2362 verum
738 2296 842 2362 etiam
868 2320 888 2362 a
913 2298 1005 2382 furti
1031 2298 1188 2383 crimine,
1218 2299 1305 2363 un‘de

179 2413 386 2482 restitutioni
403 2412 574 2498 suhjacet,
597 2411 691 2476 baud
711 2411 908 2476 immune.»
930 2411 1133 2495 -Verum,
1156 2435 1198 2478 ne
1223 2411 1308 2501 quid

177 2533 413 2616 exaggeretur,
434 2525 609 2592 fatendum
628 2531 680 2591 est
698 2524 746 2590 ibi
766 2525 989 2591 Benedictum
1009 2527 1088 2592 XIV
1106 2527 1201 2614 loqui
1219 2549 1307 2614 prae-

178 2644 247 2709 cise
267 2643 309 2708 de
329 2665 410 2708 casu
429 2663 496 2730 quo
517 2638 674 2706 sacerdos
694 2639 825 2727 colligit
848 2639 972 2704 missas
992 2640 1027 2704 in
1047 2640 1113 2704 atio
1135 2641 1204 2706 loco
1224 2641 1308 2705 cele-

178 2757 348 2840 brandan·
367 2795 410 2805 —
429 2756 462 2821 2.
490 2756 603 2836 Quum
627 2760 822 2843 peccatum,
849 2753 977 2842 dequo
1002 2754 1154 2840 agimus,
1183 2753 1306 2818 admit-

178 2879 229 2938 tat
262 2871 439 2938 levitatem
465 2868 632 2951 materiae,
667 2867 697 2934 ei
737 2867 939 2956 applicanda
970 2872 1050 2932 sunt
1083 2865 1197 2931 omnia
1230 2889 1311 2954 quae

177 2986 337 3053 dicuntur
361 2985 403 3050 de
427 2983 594 3070 gravitate
614 2982 706 3048 lurti.
728 3021 772 3031 —
792 2981 823 3047 3.
846 2980 1050 3063 Restitutio,
1073 2980 1102 3044 si
1126 2979 1221 3045 locus
1240 2979 1304 3062 sit,

176 3101 249 3166 sieri
270 3099 370 3166 debet
389 3097 439 3163 illi
459 3097 625 3162 sacerdoti
645 3096 703 3185 qui
714 3094 914 3176 celebravit,
932 3095 967 3159 in
983 3093 1072 3159 hunc
1085 3094 1174 3160 enim
1194 3099 1308 3159 totum

173 3215 232 3303 jus
252 3214 452 3279 devolutum
471 3218 538 3292 est;
562 3211 608 3276 ita
629 3209 751 3276 saltem
766 3208 991 3299 probabilium
1009 3216 1126 3276 contra
1140 3207 1304 3298 quosdam

178 3328 236 3416 qui
256 3327 373 3393 dicunt
392 3325 642 3392 restitutionem
661 3324 734 3389 fieri
753 3323 875 3390 debere
896 3323 988 3388 fideli
1012 3323 1071 3412 qui
1095 3323 1217 3389 missas
1245 3347 1311 3412 po-

178 3441 351 3508 stulavit³.

223 3661 424 3740 Quaeritur
443 3661 482 3728 2ο
501 3659 596 3724 Num
614 3657 768 3723 sacerdos
788 3657 822 3721 in
846 3679 924 3722 casu
948 3657 1057 3742 possit
1071 3662 1207 3741 partem
1228 3655 1310 3718 reti·

179 3799 257 3842 nere
273 3777 307 3842 in
322 3776 400 3862 pios
420 3797 500 3840 usuc
516 3772 800 3860 impendendam?
1139 3866 1143 3872 Ι

223 3890 353 3978 Resp:
386 3889 565 3975 Negative,
594 3893 668 3952 tum
694 3885 774 3974 quia
799 3884 854 3949 lex
878 3883 1017 3973 praefata
1036 3881 1096 3970 (ab
1116 3881 1253 3950 Urbano
1273 3886 1307 3946 et

177 4003 378 4070 Innocentio
402 4003 488 4092 lata)
514 4024 582 4067 non
608 3999 804 4088 distinguit3
827 4021 907 4086 ergo
927 4021 990 4064 nec
1009 4020 1072 4063 nos
1096 3995 1309 4082 distinguere

208 4217 218 4252 ¹
236 4216 294 4266 Lib.
311 4213 361 4274 Vl,
378 4231 404 4264 n.
418 4220 472 4264 ³22.

209 4297 220 4332 ²
236 4295 310 4345 Ball.
325 4295 435 4354 Bened„
451 4297 472 4344 t.
489 4309 510 4354 t,
526 4309 552 4342 n.
569 4309 630 4341 xxii.

209 4377 263 4426 25.
279 4377 371 4440 Alps..
386 4375 434 4424 lib.
451 4375 502 4432 Vl,
518 4389 544 4422 n.
561 4379 615 4422 ³22.
