3246 5026
398 475 441 526 DE
461 475 577 526 AETATE
596 473 780 526 PUERORUM
799 475 843 526 Ao
864 475 1113 528 COMMUNIONEM
1267 475 1317 528 305
1399 511 1401 516 -

192 630 312 690 runtur
339 629 410 689 tam
438 621 595 709 perfectae
619 621 870 710 dispositiones.
898 622 967 688 Sed
987 628 1069 688 tunc
1096 623 1198 689 etiam
1223 624 1318 690 adest

191 738 305 825 gravis
331 736 593 803 controversia:
625 738 655 800 4.
689 735 759 800 Alii
787 735 905 801 dicunt
930 759 1074 825 puerum
1100 739 1208 804 teneri
1234 761 1318 825 prae·

191 859 301 941 cepto,
321 852 351 917 ai
371 852 493 916 babeat
514 873 612 916 usum
632 850 785 934 rationis,
807 850 854 915 ita
874 857 923 933 ut,
941 851 970 916 si
990 851 1034 916 sit
1053 875 1160 939 capax
1174 854 1315 941 peccati,

191 965 430 1046 confessionis,
453 971 487 1029 et
506 971 666 1030 extrema
687 964 875 1046 unctionis,
898 963 1019 1030 debeat
1044 965 1146 1031 etiam
1171 968 1317 1054 recipere

191 1104 321 1148 sacram
334 1078 618 1146 communionem.
638 1079 689 1144 lta
702 1078 836 1158 Suarez‚
854 1078 896 1142 de
912 1079 1019 1166 Lugo,
1030 1079 1064 1145 S.
1081 1079 1315 1167 Alphonsus¹;

192 1215 336 1282 quorum
360 1192 445 1258 ratio
465 1198 518 1257 est
539 1219 555 1254 a
578 1192 673 1281 quia,
695 1193 743 1258 ait
761 1191 900 1274 Suarez‚
922 1193 1001 1258 talis
1021 1192 1122 1258 homo
1141 1201 1193 1260 est
1212 1217 1318 1282 capax

192 1307 285 1389 fidei,
310 1313 344 1372 et
370 1305 570 1371 sufficientis
596 1307 795 1371 reverentiae
823 1307 1042 1386 sacramenti,
1077 1313 1110 1371 et
1138 1314 1191 1372 est
1219 1308 1254 1372 in
1279 1331 1318 1373 eo

191 1420 340 1509 periculo
363 1421 399 1484 in
423 1443 490 1508 quo
505 1442 574 1484 non
594 1425 769 1509 exspectat
788 1419 999 1486 commodius
1018 1427 1153 1508 tempus
1172 1421 1215 1486 ad
1234 1422 1319 1487 reci-

192 1534 353 1623 piendum
367 1541 616 1600 sacramentum
630 1556 707 1598 cum
722 1533 854 1597 meliori
869 1532 1090 1621 dispositione
1104 1553 1138 1614 »ς
1151 1574 1195 1583 -
1205 1535 1236 1599 2.
1249 1535 1319 1600 Alii

191 1648 311 1715 dicunt
328 1655 409 1714 tunc
428 1671 497 1712 non
517 1647 636 1728 teneri,
658 1647 718 1713 sed
737 1653 872 1712 tantum
887 1654 1068 1736 postquam
1088 1649 1213 1735 poterit
1228 1649 1319 1713 sulli-

192 1763 321 1829 cioutor
348 1762 538 1828 discernere
566 1761 654 1826 inter
688 1761 858 1826 caelestem
888 1761 1109 1828 Eucharistiae
1143 1762 1255 1828 cibum
1286 1771 1318 1827 et

193 1877 306 1944 cibum
330 1881 557 1942 communem.
586 1876 637 1940 lta
663 1875 847 1963 Vasqucz².
878 1875 976 1940 Ratio
1004 1883 1055 1940 ost
1082 1877 1160 1964 quia
1179 1884 1218 1941 ut
1236 1900 1320 1964 puer

193 1993 238 2058 sit
256 2015 363 2080 capax
377 1991 469 2056 illius
489 1990 660 2078 praecepti,
678 1989 863 2078 requiritur
877 1989 1016 2054 omnino
1035 1997 1073 2055 ut
1093 1991 1202 2078 possit
1222 1991 1320 2056 intel-

192 2106 297 2194 ligere
317 2106 388 2170 haec
408 2104 534 2171 verba:
557 2105 633 2169 Nisi
654 2104 935 2169 manducaveritis
954 2127 1091 2169 carnem
1110 2105 1191 2170 Filii
1213 2106 1320 2170 bomi-

194 2223 257 2305 nis,
271 2227 351 2300 etc,
367 2225 401 2284 et
413 2218 554 2306 proinde
565 2225 603 2285 ut
616 2219 701 2284 aciat
712 2219 900 2283 discernere
915 2241 1051 2284 carnem
1065 2219 1196 2285 Christi
1203 2239 1218 2302 ,·
1230 2220 1320 2287 unde

194 2357 262 2400 non
282 2333 408 2400 suflicit
432 2339 470 2399 ut
494 2333 539 2410 sit
558 2355 665 2422 capax
685 2332 755 2397 doli
778 2339 812 2398 et
836 2331 1069 2398 confessionis
1098 2335 1178 2399 Haec
1207 2333 1320 2421 opinio

194 2449 372 2537 Vasquezii
387 2446 594 2535 probabilior
613 2447 776 2529 videtur³.
805 2445 931 2512 Omnes
952 2453 1066 2513 autem
1082 2448 1237 2513 doctores
1253 2449 1320 2514 sal-

194 2570 263 2630 tem
293 2562 475 2628 consulunt
504 2563 583 2626 dare
614 2559 888 2625 communionem
920 2561 1051 2647 pueris,
1085 2561 1143 2648 qui
1180 2561 1320 2628 rationis

193 2699 294 2744 usum
312 2675 449 2741 habent.
465 2713 510 2724 -
529 2673 568 2738 ln
587 2674 691 2740 dubio
707 2675 747 2738 dc
761 2673 943 2758 capacitate
957 2675 1070 2758 pueri,
1088 2673 1189 2760 juxta
1208 2675 1337 2768 ipsum

194 2791 235 2855 de
254 2789 362 2877 Lugo,
384 2788 479 2854 nulla
498 2788 598 2854 datur
617 2786 780 2873 obligatio
794 2785 896 2850 dandi
911 2785 1185 2850 communionem
1200 2810 1316 2874 puero,

193 2904 272 2993 quia
291 2910 373 2969 tuno
391 2907 599 2990 praeceptum
623 2900 762 2966 dubium
783 2906 850 2982 est,
874 2900 935 2966 sed
953 2899 1069 2987 utique
1084 2909 1195 2984 potcat
1215 2901 1315 2966 darit.

239 3156 334 3226 163.
351 3193 394 3206 -
407 3155 660 3233 Quaeritur-2⁰
677 3153 842 3229 Quianam
854 3153 899 3218 sit
906 3154 1020 3240 judeo
1034 3153 1074 3218 do
1089 3161 1183 3218 aetatc
1198 3154 1318 3220 diacre-

194 3271 294 3336 tionia
307 3270 409 3356 pueri
428 3269 472 3334 ad
481 3268 634 3354 primam
650 3267 920 3332 communionem
939 3267 1165 3332 admittendi?

237 3385 336 3470 Reap.
359 3406 371 3449 .·
399 3383 515 3471 lpsum
536 3381 595 3470 jus
618 3403 815 3462 commuue,
841 3403 963 3467 nempe
990 3381 1024 3445 in
1052 3381 1108 3446 cit.
1141 3405 1169 3447 c.
1203 3383 1319 3450 Omnia

195 3500 372 3584 utriusque
398 3519 513 3580 aeuus,
541 3495 744 3561 determinat
774 3494 850 3582 quis
881 3495 925 3559 sit
955 3495 1019 3560 iste
1043 3494 1166 3581 judex,
1197 3519 1318 3584 nempe

187 3613 353 3700 proprius
370 3611 523 3678 sacerdos
580 3635 596 3671 α
619 3609 692 3674 Nisi
712 3607 813 3690 torte,
836 3609 876 3672 de
887 3609 1022 3693 proprii
1040 3608 1221 3674 sacerdotia
1240 3631 1317 3674 con-

191 3727 323 3811 cilia...
356 3725 399 3792 ad
427 3733 561 3814 tempus
595 3722 729 3790 duxerit
766 3720 1044 3788 abstinendum...
1082 3749 1097 3782 a
1133 3721 1198 3788 Per
1228 3723 1316 3788 hunc

224 3965 362 4025 ¹Suarcz‚
381 3965 431 4015 loc.
449 3963 505 4020 cit„
523 3965 593 4026 disp.
615 3961 698 4020 Lxx,
716 3965 782 4011 acet.
809 3977 831 4018 ι,
858 3976 882 4008 n.
910 3965 936 4018 5;
958 3961 1043 4008 -dc
1066 3961 1151 4023 Lupo,
1182 3962 1231 4011 loc.
1259 3963 1314 4017 cit,

192 4047 263 4109 disp·
274 4045 352 4104 Xlll,
368 4061 394 4094 n.
411 4047 440 4093 34
460 4059 500 4107 sq.
514 4036 517 4042 ’

224 4127 235 4160 ²
251 4125 284 4174 ln
294 4127 368 4189 part.
385 4125 426 4174 lll
439 4125 470 4173 D.
491 4124 610 4180 Tbomae,
626 4123 695 4184 disp.
712 4121 828 4180 CCXIV,
842 4137 865 4171 c.
882 4137 917 4179 iv,
934 4137 960 4169 n.
976 4124 1004 4170 41
1020 4137 1061 4184 sq.

223 4205 291 4255 rer.
307 4207 389 4255 etiam
404 4205 503 4254 aenea.
520 4203 592 4262 xm,
609 4203 646 4252 ne
661 4191 777 4266 aymaro,
794 4203 841 4250 ub.
859 4201 922 4257 vu,
938 4217 962 4250 c.
978 4217 1026 4257 ru,
1045 4218 1070 4250 n.
1089 4209 1112 4249 a.

223 4287 234 4321 ⁴
252 4286 312 4336 Loc.
328 4285 384 4342 cit,
399 4285 468 4347 disp.
485 4282 562 4342 x111,
578 4297 603 4330 n.
618 4285 647 4332 40
662 4297 702 4345 sq.

286 4397 370 4432 mssa,
1141 4379 1185 4458 20¹
