3224 5044
323 513 373 566 1112
805 511 850 560 DE
869 509 967 562 Missa

322 655 491 722 sacerdoti
509 655 552 723 90
577 653 717 736 missas,
739 653 869 719 clarum
894 661 947 720 est
972 677 1041 720 non
1069 677 1170 744 posse
1198 677 1255 720 eas
1286 652 1457 718 celebrari

322 778 393 836 tam
410 769 509 834 brevi
534 777 702 857 tempore3
727 769 762 832 in
780 767 845 833 hoc
871 791 967 848 casu,
990 768 1019 834 si
1046 775 1167 856 agatur
1192 768 1234 832 de
1254 767 1370 833 missis
1386 789 1457 853 pro

323 885 420 968 vivis,
452 905 513 972 pro
544 882 669 971 quibus
699 882 897 948 conceditur
930 881 1049 948 dilatio
1084 881 1274 962 bimestris,
1309 881 1458 946 satisliet

323 997 504 1064 intentioni
522 997 690 1080 fidelium,
712 996 742 1062 si
765 997 853 1062 intra
877 996 1027 1086 quinque
1050 997 1185 1062 circiter
1209 1019 1346 1062 menses
1365 997 1458 1061 cele-

324 1113 463 1178 brentur
482 1111 525 1180 90
545 1111 657 1177 missae
673 1116 694 1177 ¹.

369 1227 402 1292 l⁰
422 1225 457 1292 Si
480 1225 625 1292 ollerens
649 1225 884 1312 eleemosynas
904 1225 1101 1307 missarum,
1129 1225 1271 1290 audiens
1296 1224 1458 1290 sacerdo-

325 1349 394 1407 tem
421 1364 490 1405 non
516 1363 616 1428 posse
644 1339 762 1404 statim
788 1361 849 1427 pro
878 1338 953 1426 ipso
984 1338 1174 1418 celebrare,
1196 1339 1390 1404 consentiat
1417 1345 1457 1403 ut

324 1455 433 1542 magis
455 1454 558 1521 etiam
584 1453 717 1518 differat
742 1452 1020 1534 celebrationem,
1043 1453 1200 1518 sacerdos
1224 1459 1339 1540 potest
1357 1475 1458 1518 acce·

324 1575 419 1656 piare
445 1567 695 1654 eleemosynas,
724 1575 758 1633 et
783 1566 952 1632 celebrare
979 1567 1101 1632 missas
1126 1574 1294 1654 tempore,
1316 1567 1359 1632 de
1386 1590 1456 1654 quo

324 1687 530 1748 conventum
553 1687 617 1747 est.
644 1720 685 1730 -
711 1681 810 1761 Quod
828 1703 889 1769 per
913 1704 948 1746 se
972 1687 1082 1768 patet,
1108 1687 1143 1746 et
1165 1679 1377 1746 declaratum
1403 1689 1456 1746 est

324 1821 343 1863 a
363 1795 398 1864 S.
421 1796 548 1885 Congr.
570 1794 690 1877 Cone,
712 1819 766 1860 an.
792 1795 893 1877 1625,
916 1795 951 1860 in
972 1796 1138 1880 responsis
1161 1792 1209 1862 19
1229 1803 1262 1860 et
1291 1793 1350 1862 15.

369 1913 403 1978 5⁰
422 1911 540 1993 Quoad
572 1911 683 2000 ipsum
716 1909 805 1973 diem
836 1907 1090 1990 celebrationis,
1121 1909 1151 1973 si
1183 1907 1328 1974 ollerens
1359 1917 1457 1998 petat

324 2026 487 2092 celebrari
506 2026 644 2106 missas,
665 2048 699 2090 v.
722 2049 770 2112 g.,
793 2021 945 2112 qualibet
969 2023 1050 2088 seria
1071 2021 1115 2105 ll,
1136 2023 1192 2088 vel
1211 2022 1271 2102 lll,
1294 2031 1375 2104 etc.,
1399 2024 1457 2089 vel

325 2139 432 2226 prima
459 2139 512 2203 die
540 2139 754 2226 singulorum
775 2137 960 2218 niensium,
989 2137 1269 2222 distinguendum
1296 2145 1371 2203 est:
1398 2138 1457 2204 vel

325 2257 459 2316 constat
485 2251 683 2316 offerentem
712 2275 781 2316 non
807 2249 966 2316 habuisse
992 2251 1160 2316 rationem
1193 2250 1374 2338 specialem
1405 2251 1455 2316 sic

325 2364 464 2451 agendi,
486 2365 546 2430 sed
569 2371 704 2430 tanturn
727 2365 876 2430 voluisse
901 2371 938 2429 ut
958 2363 1164 2430 haberentur
1182 2365 1253 2429 dies
1275 2366 1360 2429 certi
1369 2383 1383 2449 ,¹
1398 2365 1456 2430 vel

326 2502 344 2544 e
372 2484 506 2560 contra,
533 2479 625 2567 quod
655 2502 788 2568 semper
820 2478 1110 2568 praesumendum,
1141 2477 1259 2543 habuit
1285 2479 1456 2544 rationem

327 2593 508 2680 specialem
527 2593 728 2682 designandi
748 2593 834 2658 tales
849 2593 936 2674 dies,
959 2616 992 2658 v.
1015 2615 1064 2680 g.,
1086 2592 1115 2656 si
1134 2589 1366 2678 designaverit
1384 2595 1456 2682 pri-

326 2729 417 2773 mam
449 2706 567 2773 seriam
591 2707 637 2772 Vl
662 2707 873 2793 singulorum
896 2705 1084 2788 mensium,
1117 2705 1170 2770 vel
1196 2704 1377 2771 sabbatum
1411 2707 1455 2773 ob

328 2823 490 2888 honorem
510 2821 550 2888 B.
568 2821 684 2888 Mariae
703 2820 865 2907 Virginis,
887 2827 952 2885 etc.
975 2819 1014 2884 ln
1039 2819 1143 2908 priori
1168 2841 1265 2890 casu.
1288 2821 1455 2910 anticipa-

328 2939 387 3020 tio,
404 2938 460 3003 vel
479 2935 611 3001 modica
624 2935 742 3000 dilatio
761 2934 948 3022 generatim
965 2934 1057 2998 licita
1076 2941 1140 3014 est,
1157 2943 1196 3000 ut
1210 2955 1270 3021 per
1289 2957 1325 3000 se
1346 2943 1453 3023 patet.

330 3052 368 3116 ln
387 3053 493 3136 altero
513 3055 606 3132 casu,
624 3049 784 3115 standum
803 3055 856 3114 est
875 3047 994 3114 diebus
1013 3047 1263 3129 determinatis;
1287 3056 1454 3123 attamen,

329 3172 367 3230 ut
385 3165 433 3230 ait
451 3163 492 3229 de
513 3163 633 3251 Lugo:
663 3191 679 3224 «ε
704 3163 781 3229 Non
805 3162 904 3228 facile
926 3162 1052 3250 poterit
1075 3163 1110 3226 in
1129 3161 1202 3250 ejus
1228 3160 1457 3251 (designatio-

330 3279 403 3366 nis)
430 3277 613 3342 omissione
639 3278 827 3343 mortaliter
852 3275 998 3365 peccari,
1020 3299 1098 3341 cum
1126 3276 1267 3342 materia
1287 3278 1332 3343 sit
1358 3299 1400 3343 ex
1421 3301 1457 3343 se

330 3415 451 3483 parva,
486 3392 673 3480 praesertim
704 3391 733 3456 si
766 3413 843 3456 cum
872 3413 990 3472 causa,
1023 3391 1078 3455 vel
1111 3413 1180 3455 non
1212 3393 1360 3456 multum
1391 3391 1458 3457 fre-

332 3509 508 3598 quenter².
534 3533 550 3567 »

378 3723 445 3791 51.
466 3761 509 3772 -
529 3718 727 3807 obligatio
746 3717 878 3806 quoad
896 3699 1028 3786 locum
1047 3713 1341 3786 celebrationis.

380 3842 412 3903 l⁰
435 3837 471 3904 Si
492 3835 638 3901 ollerens
663 3839 757 3922 petat
783 3831 922 3897 missam
948 3829 1109 3896 celebrari
1135 3829 1170 3894 in
1196 3831 1300 3895 altari
1320 3831 1461 3916 privile-

333 3955 425 4042 giato
433 4003 444 4038 ,
465 3957 500 4016 et
514 3948 671 4016 sacerdos
686 3946 929 4036 acceptaverit,
951 3945 1022 4010 haec
1036 3943 1179 4010 dicenda
1197 3963 1205 4010 t

367 4175 375 4210 ¹
391 4174 432 4224 lta
446 4175 528 4223 etiam
543 4171 572 4222 C.
591 4169 722 4228 Gennuri,
739 4164 945 4218 Consultazioni
958 4162 1119 4222 canoniclte,
1134 4165 1199 4224 etc,
1214 4165 1283 4226 part.
1295 4159 1328 4222 ll,
1344 4178 1418 4213 cons.
1436 4171 1459 4223 2,

335 4255 446 4317 Nepoti,
462 4259 535 4312 1⁸9³,
551 4267 578 4316 p.
594 4257 652 4311 ³02,
669 4253 725 4299 not.
742 4255 764 4298 t.

366 4335 377 4368 ²
391 4333 432 4383 De
447 4334 534 4396 Lugo,
549 4331 588 4380 De
601 4333 771 4381 recremento
785 4325 980 4384 Eucharistiae,
996 4325 1066 4388 disp.
1082 4323 1158 4384 xxi,
1175 4339 1201 4373 n.
1216 4327 1253 4373 ta.
