3180 5024
410 604 413 610 .
488 555 532 604 DE
551 553 666 605 sacals
686 553 902 606 urssusluiaus
1206 553 1257 607 24³

131 701 366 782 consecrare¹;
383 727 398 759 ιι
413 737 457 747 -
470 698 501 764 3.
520 696 587 762 Cit.
611 697 754 762 rubrica
774 697 891 762 dicunt
910 705 1099 785 perpetuo:
1122 727 1138 758 ιι
1159 699 1259 765 Para-

132 820 260 894 mcnta‚
281 819 407 895 vestes,
429 835 616 900 mappae...
633 812 677 876 ab
696 811 873 897 Episcopo,
895 811 950 876 vel
969 811 1012 876 ab
1031 812 1097 877 alio
1117 812 1259 880 faculta-

134 934 203 992 tem
223 924 369 992 habente
393 924 589 1005 benedicta,
616 952 631 984 ιι
653 924 858 1013 Episcopum
876 931 1039 1014 tanquam
1062 927 1260 1014 primarium

97 1033 102 1042 ⁸
133 1049 168 1106 et
179 1040 385 1105 ordinarium
409 1039 603 1104 ministrum
619 1038 819 1104 indicantes.
837 1039 887 1104 lta
905 1047 938 1104 et
951 1040 1097 1124 Ilituale,
1117 1042 1170 1108 tit.
1186 1063 1259 1122 νιιι,

134 1180 163 1220 c.
194 1175 257 1234 xx,
282 1154 377 1242 ponit
404 1153 669 1220 benedictionem
697 1153 959 1218 sacerdotalium
984 1155 1261 1221 indumentorum

135 1267 199 1334 sub
219 1267 351 1333 rubrica
370 1287 377 1334 :
401 1295 417 1328 ι(
440 1267 700 1332 Benedictiones¹
714 1267 758 1332 ab
777 1267 937 1353 episcopis
955 1267 1011 1332 vel
1029 1267 1104 1334 aliis
1125 1268 1263 1336 laculta-

137 1391 206 1449 tem
233 1381 437 1448 habentibus
463 1380 637 1447 faciendae.
664 1409 679 1440 ιι
704 1380 864 1446 -Unde
889 1381 1075 1469 Episcopus
1095 1391 1148 1448 est
1167 1383 1265 1449 mini-

136 1503 206 1562 ster
235 1495 424 1562 ordinarius
454 1494 700 1561 benedictionis
731 1501 1017 1582 paramentorum.
1044 1535 1088 1544 --
1117 1497 1166 1562 De
1197 1521 1265 1586 quo

137 1609 287 1676 notanda
307 1609 398 1674 duo:
428 1613 458 1674 l.
483 1609 670 1698 Episcopus
689 1631 757 1673 non
786 1615 899 1696 potest
927 1609 1014 1674 licite
1034 1610 1131 1698 (lieet
1154 1611 1266 1677 valide

137 1725 235 1812 agat)
255 1724 452 1790 benedicere
468 1730 664 1812 paramenta
685 1723 719 1788 in
739 1723 876 1788 dioecesi
895 1723 1016 1805 aliena,
1039 1725 1111 1790 sine
1130 1725 1267 1792 licentia

139 1839 309 1906 Ordinarii
329 1839 411 1920 loci,
440 1839 537 1926 quia,
559 1846 597 1903 ut
616 1845 710 1926 patet
736 1860 779 1904 ex
805 1837 921 1917 dictis,
948 1837 1146 1904 benedicere
1172 1861 1267 1927 para-

139 1960 255 2020 menta
279 1958 331 2018 est
360 1974 515 2018 exercere
543 1951 756 2038 pontificalia
766 1969 781 2034 ,·
803 1974 919 2040 porro,
947 1952 980 2015 vi
1010 1952 1143 2018 concilii
1173 1953 1264 2019 Trid.

138 2093 168 2134 c.
205 2067 322 2150 Nulli,
345 2069 381 2149 5,
410 2089 494 2131 sess.
523 2066 586 2147 Vl,
609 2067 660 2131 Du
689 2085 774 2146 aar,
796 2065 1004 2154 prohibitum
1029 2073 1081 2132 est
1101 2067 1268 2156 Episcopo

139 2204 295 2247 exercere
320 2180 529 2269 pontificalia
556 2179 590 2243 in
622 2179 759 2244 dioecesi
784 2179 893 2245 aliena
918 2180 991 2246 sine
1015 2179 1185 2247 Ordiuarii
1203 2181 1269 2247 loci

139 2295 313 2376 licentia²;
345 2335 388 2344 -
415 2293 446 2358 2.
486 2294 650 2358 Attamen
682 2293 812 2359 nullam
843 2317 978 2382 poenam
1003 2295 1159 2377 incurrit,
1191 2297 1269 2384 quia

140 2433 249 2498 poeoae
274 2410 308 2473 in
338 2409 401 2473 hoc
430 2407 540 2496 capite
567 2407 667 2472 Nulli
690 2408 829 2474 sancitas
857 2431 925 2474 non
950 2409 1136 2498 respiciunt
1155 2411 1268 2476 omnia

136 2524 361 2610 pontificalia,
379 2522 439 2588 sed
453 2528 588 2588 tantum
601 2543 734 2587 sacram
750 2523 1008 2606 ordinationem,
1027 2523 1118 2610 quod
1134 2547 1175 2588 ex
1194 2525 1268 2614 ipsc

141 2645 239 2704 textu
258 2637 373 2703 stricte
394 2636 616 2723 intelligendo
636 2643 742 2725 patet.

187 2753 223 2816 2⁰
237 2751 285 2818 Dc
297 2751 504 2816 Abbatibus.
515 2749 721 2815 -Abbates
740 2749 909 2814 benedicti
919 2755 1093 2834 fruuntur
1105 2753 1270 2838 facultate

141 2866 357 2933 benedicendi
372 2873 585 2951 paramenta.
609 2903 652 2912 -
672 2865 753 2928 Haec
773 2863 917 2928 facultas
936 2863 1084 2952 pertinet
1107 2865 1150 2930 ad
1170 2864 1271 2931 abba-

141 2989 211 3061 tes,
241 3003 307 3044 non
334 2979 471 3067 quidem
490 2978 567 3066 jure
595 2977 730 3066 proprio
761 2985 795 3043 et
826 2977 955 3043 ratione
983 2977 1177 3066 dignitatis,
1208 3001 1270 3045 neo

140 3095 245 3160 etiam
274 3094 406 3182 proprie
438 3093 567 3158 ratione
598 3092 864 3175 consuetudinis,
886 3092 964 3180 quia
984 3093 1192 3159 consuetudo
1219 3101 1271 3160 est

140 3207 297 3274 inefficax
318 3208 360 3272 ad
380 3206 625 3295 acquirendum
638 3229 677 3272 ea
697 3229 771 3294 quae
785 3213 865 3270 sunt
877 3207 1018 3291 ordinis,
1039 3215 1079 3272 ut
1095 3207 1184 3274 clare
1201 3217 1270 3276 sta-

142 3323 250 3387 tuitur
287 3329 360 3386 tum
398 3345 426 3386 c.
477 3319 635 3400 Quando,
670 3321 706 3402 l,
747 3319 797 3384 Du
838 3341 1091 3405 consueramae,
1123 3331 1196 3389 tum
1238 3348 1268 3390 c.

141 3437 259 3522 Aqua,
279 3437 311 3519 9,
333 3437 382 3500 Du
402 3454 655 3502 consummans
671 3454 838 3516 eucissus,
856 3435 917 3500 sed
933 3436 1063 3502 ratione
1078 3437 1270 3524 privilegio-

140 3573 219 3615 rum
244 3550 500 3636 particularium
528 3572 603 3638 quae
628 3548 670 3613 ad
701 3571 818 3614 omnes
845 3547 984 3615 abbates
1008 3557 1147 3616 extensa
1172 3559 1267 3632 sunt,

140 3663 215 3746 vel,
236 3671 275 3730 ut
303 3663 441 3752 quidam
468 3663 602 3744 dicunt,
624 3663 754 3729 ratione
780 3661 949 3750 privilegii
969 3661 1137 3748 generalis
1164 3666 1271 3729 omni-

140 3781 208 3846 bus
223 3777 375 3844 concessi
387 3779 409 3842 ³.
428 3777 597 3844 Caeterum
613 3783 704 3842 certa
719 3783 771 3841 est
786 3773 922 3840 illorum
935 3775 1000 3841 hac
1015 3777 1097 3841 inre
1112 3775 1268 3859 facultas,

175 4049 184 4082 ¹
204 4047 308 4110 Migne,
325 4051 344 4096 t.
358 4061 460 4106 ccxvu,
476 4047 528 4096 col.
545 4051 599 4094 779.

174 4128 186 4162 ²
203 4127 243 4175 Cf.
259 4127 359 4176 Bened.
377 4127 449 4184 xlv,
466 4127 543 4184 lnrl„
560 4125 632 4184 XXI,
647 4140 672 4174 ιι.
691 4129 727 4172 15.

174 4209 185 4242 ³
203 4207 243 4254 Cl.
260 4206 353 4266 Petra,
371 4208 397 4255 in
414 4209 505 4258 (tonat.
521 4212 536 4254 6
554 4203 657 4256 Urbani
671 4204 686 4253 1
692 4205 719 4263 V,
736 4219 761 4251 n.
778 4207 820 4261 tt,
838 4201 972 4262 Venetiis,
989 4207 1062 4260 ΠΗ,
1078 4209 1097 4253 t.
1113 4221 1154 4264 ιιι,
1171 4221 1196 4268 p.
1215 4211 1271 4269 1813

141 4314 174 4325 -·
189 4285 360 4343 Temburini‚
376 4287 414 4336 De
425 4287 492 4352 jure
508 4285 652 4345 abbatum,
667 4285 737 4346 disp.
752 4282 841 4341 xxa,
857 4297 883 4344 q.
902 4299 923 4341 1,
940 4298 970 4342 u,
987 4299 1027 4337 ιιι,
1047 4285 1181 4347 Lugduni,
1199 4291 1272 4347 1650,

142 4373 162 4418 t.
183 4383 205 4418 ι.
223 4383 248 4428 p.
266 4371 320 4414 ³35.
