3224 5044
287 497 339 552 134
772 497 816 548 DE
834 496 931 548 mssa

285 643 414 710 ultimae
436 641 634 723 voluntatis,
649 641 846 730 impositum
861 640 972 706 estad
987 641 1248 707 determinatum
1262 647 1416 726 tempus,

286 781 319 822 v.
342 779 391 842 g.,
413 755 456 822 ad
480 757 523 821 50
543 763 602 821 aut
623 755 687 821 100
712 778 836 838 annos,
858 763 969 822 cessat
988 755 1061 842 ipso
1082 754 1170 819 lacto
1189 753 1304 840 elapso
1325 759 1418 817 tern-

285 893 366 958 pore
386 871 536 958 praefixo.
557 869 697 934 -Non
718 877 795 956 eget
814 870 1025 958 probatione.

329 984 363 1048 2⁰
388 983 555 1048 Dixerunt
577 982 715 1071 quidam
742 1007 874 1050 cessare
906 985 980 1072 ipso
1006 983 1094 1049 facto
1123 982 1300 1071 quodlibet
1325 1004 1419 1046 onus

285 1097 466 1163 missarum
487 1098 582 1182 lapsu
602 1089 882 1186 <leoennii;oi1jus
898 1098 1081 1185 singularis
1097 1097 1294 1162 assertionis
1309 1119 1416 1161 causa

284 1234 345 1276 seu
371 1213 502 1276 occasio
533 1210 596 1275 fuit
620 1209 733 1298 opinio
762 1213 803 1278 D.
833 1213 922 1291 Soti,
960 1211 1007 1276 sio
1040 1212 1198 1291 dicentis,
1234 1211 1269 1275 in
1296 1209 1412 1292 Sent,

283 1325 307 1390 l.
331 1324 389 1407 IV,
406 1308 484 1390 dist.
503 1325 593 1406 XIX,
616 1348 649 1412 q.
669 1345 702 1404 11,
719 1333 783 1391 art.
804 1326 837 1407 2,
854 1327 889 1390 in
905 1326 994 1390 fine¹
1013 1344 1020 1390 :
1040 1353 1056 1386 a
1074 1324 1288 1413 Quapropter
1303 1323 1415 1389 credi—

285 1439 392 1504 derim
426 1461 603 1524 nunquam
635 1439 786 1524 aliquem
824 1441 858 1504 in
898 1441 1104 1525 purqatorio
1148 1439 1268 1524 vipinti
1313 1440 1416 1503 annis

284 1553 446 1633 extitisse,
470 1553 552 1634 imo,
577 1561 613 1617 ut
640 1575 711 1616 inea
738 1557 809 1637 sert
836 1555 964 1638 opinio,
994 1577 1052 1618 nec
1071 1555 1195 1619 decem.
1223 1553 1414 1618 Nemeum

283 1688 384 1730 nemo
415 1665 485 1730 illio
514 1666 558 1730 sit
589 1666 654 1730 nisi
684 1667 746 1732 Dei
771 1667 916 1749 amiouS,
944 1668 1103 1734 contritio
1131 1667 1221 1756 ejus,
1253 1673 1299 1748 et,
1331 1673 1412 1754 post

284 1779 457 1846 Christum
484 1803 639 1868 passum,
669 1788 881 1846 sacramenta
907 1788 941 1846 et
967 1781 1128 1868 suffragia
1158 1787 1193 1846 et
1221 1780 1311 1844 bona
1336 1804 1414 1868 quar.

283 1895 353 1982 agit
372 1917 489 1982 opera,
512 1894 556 1960 ud
574 1894 749 1960 cumulum
765 1895 795 1959 ei
811 1893 1051 1960 satisfactionis
1071 1895 1248 1960 accedunt.
1274 1922 1290 1952 n
1311 1893 1412 1959 Unde

282 2009 398 2097 plures
418 2009 659 2075 concluserunt
674 2009 825 2095 legatum
845 2015 1046 2096 perpetuum
1066 2009 1247 2074 missarum
1266 2031 1328 2096 pro
1349 2007 1412 2072 tali

283 2123 442 2188 defuncto
469 2135 600 2188 cessare
631 2123 725 2207 lapsu
758 2123 926 2202 decennii,
960 2129 1078 2210 utpote
1112 2145 1251 2210 prorsus
1288 2120 1413 2186 inutile

283 2236 422 2301 factum.
436 2273 480 2284 -
496 2235 607 2322 Hujus
622 2235 793 2323 opinionis
813 2236 943 2301 nullam
963 2259 1102 2323 prorsus
1122 2235 1314 2301 habendam
1334 2258 1410 2300 esse

284 2349 468 2430 rationem,
491 2371 596 2437 quum
616 2356 688 2416 tota
707 2358 832 2438 quanta
853 2358 905 2416 est
925 2373 967 2415 ox
987 2349 1059 2415 solo
1081 2357 1257 2416 auctorum
1272 2348 1414 2414 cerebro

285 2470 358 2528 orta
377 2462 433 2544 sit,
455 2485 554 2528 nemo
574 2486 642 2528 non
657 2463 760 2530 videt.
784 2465 881 2530 Unde
900 2463 1095 2530 Alexander
1108 2463 1182 2544 VII,
1198 2464 1251 2528 die
1268 2463 1309 2529 18
1322 2487 1415 2528 mar-

284 2575 323 2644 tii
352 2577 453 2659 1666,
483 2577 569 2642 hano
602 2577 777 2643 damnavit
804 2579 1093 2667 propositionem:
1118 2607 1133 2640 u
1157 2579 1211 2644 13.
1246 2579 1414 2642 Annuum

284 2693 436 2780 legatum
468 2715 527 2781 pro
558 2692 670 2757 anima
701 2691 858 2758 relictum
888 2716 955 2757 non
985 2693 1085 2758 durat
1112 2693 1194 2778 plus
1220 2715 1325 2778 quam
1348 2715 1417 2777 per

285 2809 397 2872 decem
416 2808 553 2872 annos&
578 2835 593 2866 >›

332 3021 399 3090 70.
420 3061 464 3069 —
483 3022 660 3090 cessatio
674 3040 746 3112 per
769 3023 978 3090 interitum
997 3021 1115 3090 dotis.

332 3136 364 3200 l⁰
377 3135 415 3199 Si
429 3137 489 3200 dos
508 3137 688 3200 constituta
704 3159 770 3222 pro
786 3159 884 3201 onere
904 3137 1096 3216 inissarum,
1114 3137 1184 3199 sine
1198 3135 1298 3220 culpa
1313 3137 1415 3201 eccle-

285 3251 340 3314 siae
360 3250 412 3312 oet
431 3250 578 3312 instituti
589 3251 742 3334 perierit,
759 3259 862 3314 cessat
877 3273 961 3314 onus
974 3250 1166 3314 missarum.
1183 3247 1387 3314 -Constat
1405 3269 1413 3314 ε

288 3362 319 3428 I.
342 3363 418 3447 Ipso
432 3363 517 3448 jure
538 3365 688 3429 naturali
693 3415 704 3446 ‚
726 3371 799 3429 tum
819 3365 897 3452 quia
917 3363 1174 3428 fundamentum
1195 3363 1415 3450 obligationis

287 3476 415 3557 missae,
439 3483 490 3542 est
517 3477 720 3542 sustentatio
746 3477 909 3560 ministri,
939 3477 1018 3566 quia
1044 3477 1102 3564 qui
1125 3477 1225 3543 altari
1248 3477 1412 3558 deservit,

288 3593 329 3658 de
372 3591 469 3656 altari
507 3591 621 3655 vivere
653 3590 770 3672 debet,
801 3597 839 3655 ut
868 3615 969 3679 supra
995 3590 1123 3656 dictum
1156 3598 1209 3656 est
1238 3591 1290 3678 (n.
1318 3591 1412 3674 39);

286 3707 377 3772 unde
403 3704 537 3771 sublato
563 3704 800 3786 fundamento,
828 3704 917 3793 perit
938 3703 1142 3791 obligatio³;
1166 3743 1209 3753 -—
1234 3713 1307 3770 tum
1334 3705 1414 3792 quia

317 3908 325 3939 ¹
345 3909 443 3960 Duaei,
458 3913 530 3964 1613,
547 3923 574 3970 p.
588 3910 643 3955 197.

317 3987 328 4022 ²
346 3988 417 4038 Ball.
435 3990 519 4044 Rom„
534 3991 554 4038 t.
571 4003 606 4044 rr,
624 4002 686 4050 pars
704 3993 727 4046 6,
744 4003 770 4050 p.
785 3991 880 4035 1111-
892 3986 933 4036 Do
950 4001 1003 4049 qua
1018 3987 1205 4049 propositione
1222 3988 1256 4036 os.
1280 3987 1362 4035 etiam
1380 3987 1416 4036 de

285 4069 438 4128 Berlendis,
453 4070 502 4118 loo.
519 4068 574 4127 cu„
591 4083 653 4131 piare
668 4067 707 4126 11,
723 4072 792 4127 512,
807 4082 832 4114 n.
847 4071 889 4125 13,
901 4083 928 4130 p.
942 4069 1000 4127 163;
1014 4066 1135 4126 -Viva‚
1148 4066 1346 4116 Damnatnrum
1357 4067 1416 4116 tire-

284 4149 357 4198 sium
372 4149 463 4208 theol„
478 4151 505 4197 in
516 4165 593 4213 prop.
610 4147 696 4196 XLIII
711 4147 857 4197 Alexandri
869 4146 933 4204 VII,
950 4147 1067 4207 Patavii,
1083 4151 1153 4206 1737,
1170 4162 1196 4209 p.
1213 4151 1258 4195 150
1274 4163 1314 4210 sq.

317 4229 328 4264 ³
345 4229 405 4278 Hoc
419 4233 509 4279 tamen
525 4231 714 4293 argumentum
729 4243 783 4277 non
798 4227 906 4276 videtur
919 4227 1141 4290 peremptorium,
1157 4228 1221 4290 quia
1238 4227 1348 4277 tandem
1362 4227 1413 4276 ali-

285 4309 393 4371 quando
408 4323 451 4358 ros
466 4309 537 4372 perit
551 4309 670 4358 domino.
