3224 5044
335 490 385 543 100
817 488 861 536 DE
880 485 980 537 Missa

330 657 510 699 numerum
526 634 704 698 missarum
719 629 997 696 celebrandarum
1020 632 1088 694 non
1103 629 1362 717 praescripserit,
1383 637 1469 693 tunc

330 755 382 812 tot
400 749 522 812 missas
541 745 703 813 celebrari
722 745 857 825 debere,
874 751 958 831 quot
978 741 1224 832 praescripserit
1244 741 1464 818 Ordiuarius,

330 860 517 925 secundum
541 883 669 924 morem
693 857 841 924 civitatis
866 857 921 921 vel
944 857 1140 946 provinciae.
1170 885 1186 918 »
1215 855 1254 920 ld
1272 863 1343 936 est,
1371 863 1467 920 stan-

330 973 411 1038 dum
440 981 491 1038 est
522 973 691 1060 stipendio
722 979 854 1052 taxato,
881 977 915 1034 et
941 970 1040 1058 juxta
1073 969 1158 1034 illud
1182 968 1467 1034 determinandus

329 1110 490 1153 numerus
510 1086 702 1150 missarum.

373 1202 407 1266 2ο
427 1200 465 1266 ln
485 1199 591 1265 altero
615 1221 715 1272 casu,
737 1197 882 1262 liberum
903 1197 1040 1285 quidem
1061 1203 1114 1262 est
1137 1196 1306 1261 sacerdoti
1331 1197 1465 1284 stipen-

329 1317 422 1380 dium
442 1321 596 1379 taxatum
611 1313 756 1398 exigere,
774 1317 808 1375 et
827 1334 982 1376 recusare
1002 1309 1211 1398 stipendium
1230 1309 1362 1398 minus:
1386 1309 1461 1390 sed,

329 1430 358 1493 si
385 1429 495 1492 sciens
521 1426 640 1491 volens
670 1425 914 1512 acceptaverit,
946 1431 1082 1490 tenetur
1112 1423 1283 1488 celebrare
1319 1423 1462 1488 missam

329 1565 388 1629 pro
415 1541 479 1604 hoe
504 1539 685 1626 stipendio.
713 1537 857 1603 Constat
883 1561 1040 1624 responso
1064 1537 1090 1606 3
1115 1537 1150 1604 S.
1180 1537 1306 1625 Congr.
1336 1535 1461 1618 Cone,

328 1656 362 1720 in
382 1677 449 1742 quo
465 1653 648 1718 declaravit
668 1659 749 1717 tuno
762 1651 972 1718 sacerdotem
989 1679 1005 1713 a
1024 1652 1131 1717 teneri
1150 1679 1165 1712 n
1185 1651 1358 1716 celebrare
1378 1651 1462 1715 mis-

329 1791 414 1834 sam.
437 1805 479 1818 -
498 1765 647 1832 Aliunde
675 1789 776 1854 supra
806 1767 952 1830 relatum
974 1767 1148 1830 decretum
1174 1763 1212 1848 2,
1244 1765 1336 1853 quod
1360 1763 1462 1854 jubet

328 1891 380 1949 tot
403 1881 565 1948 celebrari
596 1881 733 1960 missaS,
766 1887 850 1968 quot
873 1887 1011 1967 accepta
1035 1879 1161 1944 luerint
1185 1879 1373 1967 stipendia,
1402 1901 1462 1942 ex-

328 2021 442 2085 presse
462 1995 613 2084 loquitur
628 1994 730 2059 etiam
753 1994 794 2058 de
812 1985 993 2082 stipendiis
1012 1993 1099 2057 iufra
1119 2000 1248 2058 ‘tanam

373 2223 441 2291 50.
462 2261 498 2270 -
529 2222 729 2308 obligatio
755 2221 887 2310 quoad
910 2228 1068 2309 tempus
1092 2220 1388 2290 celebrationis.
1415 2260 1461 2270 -

328 2337 378 2402 De
398 2336 460 2401 hac
479 2335 686 2422 obligatione
706 2335 818 2424 quoad
839 2344 971 2422 tempus
990 2335 1062 2400 haec
1083 2334 1256 2402 tenenda:

373 2449 405 2514 1ο
431 2450 467 2517 Si
493 2457 626 2538 tempus
654 2450 756 2515 luerit
783 2450 1064 2533 determinatum,
1098 2473 1131 2515 v.
1160 2473 1209 2536 g.,
1238 2449 1303 2514 hac
1330 2447 1460 2514 hebdo-

327 2564 442 2646 mada,
478 2563 564 2628 inira
592 2563 786 2651 quindecim
814 2563 902 2645 dies,
935 2571 1015 2645 etc,
1046 2563 1208 2628 standum
1233 2569 1285 2628 est
1311 2563 1459 2651 tempori

325 2677 566 2760 determinato,
587 2677 637 2742 uti
663 2699 723 2765 per
744 2700 780 2741 se
806 2685 915 2764 patet,
938 2677 1017 2764 quia
1044 2686 1125 2743 tunc
1150 2677 1235 2742 illud
1254 2675 1457 2764 adjunctum

325 2793 487 2882 temporis
507 2800 652 2881 estpars
671 2799 877 2857 contractus
895 2792 1150 2858 —Notandum
1166 2800 1219 2858 est
1238 2799 1353 2858 autem
1370 2799 1457 2856 tem-

280 2919 283 2926 ’
323 2930 388 2995 pus
408 2906 625 2971 determinari
645 2927 760 2993 posse,
782 2905 838 2970 vel
857 2905 1028 2990 explicite,
1050 2905 1106 2971 vel
1128 2907 1324 2992 implicite:
1344 2905 1457 2993 expli-

324 3019 406 3102 cite,
441 3043 474 3086 ν.
500 3043 548 3106 g.,
573 3019 661 3084 infra
687 3040 855 3099 mensem;
879 3019 1059 3108 implicite,
1081 3026 1165 3108 puta
1185 3019 1214 3084 si
1235 3019 1339 3084 missa
1360 3027 1456 3106 peta·

324 3141 379 3197 tur
403 3156 464 3219 pro
496 3131 719 3220 moribundo,
746 3156 807 3220 pro
839 3133 987 3220 periculo
1020 3133 1231 3220 superando,
1262 3156 1325 3221 pro
1362 3132 1454 3198 felici

323 3252 439 3331 partu,
462 3252 542 3324 ete,
564 3246 599 3309 in
617 3253 761 3334 utroque
782 3269 878 3328 casu,
903 3245 1063 3311 standum
1083 3253 1136 3311 est
1156 3247 1316 3334 tempori.

367 3357 401 3421 2⁰
421 3356 456 3422 Si
473 3365 606 3446 tempus
622 3381 688 3423 non
707 3360 816 3445 suerit
830 3361 1106 3445 determinatum,
1124 3369 1207 3426 tunc
1222 3361 1336 3426 locum
1350 3359 1455 3426 habet

323 3471 495 3537 decretum
515 3471 552 3556 5,
574 3495 628 3538 an.
649 3472 750 3554 1623,
768 3473 803 3536 in
823 3496 890 3560 quo
910 3473 1072 3559 legimus,
1093 3475 1215 3562 partic.
1238 3475 1258 3539 i
1282 3493 1289 3540 :
1313 3503 1329 3536 a
1354 3475 1455 3540 Elee-

323 3608 483 3674 mosynas
514 3609 594 3650 vero
625 3585 799 3658 manuales
828 3594 862 3652 et
890 3586 1105 3674 quotidianas
1133 3611 1194 3676 pro
1225 3587 1341 3652 missis
1366 3588 1455 3653 cele-

211 3753 212 3758 ,
322 3699 460 3765 brandis
489 3700 535 3764 ita
563 3698 700 3764 demum
734 3700 836 3764 iidem
865 3699 1016 3787 accipere
1045 3700 1196 3789 possint,
1227 3702 1257 3766 si
1291 3703 1454 3767 oneribus

322 3822 419 3878 antea
448 3813 612 3900 impositis
644 3815 689 3878 ita
719 3814 960 3898 satisfecerint,
993 3823 1030 3878 ut
1063 3837 1147 3880 noos
1180 3837 1318 3902 quoque
1349 3837 1453 3881 onera

321 3929 487 4015 suscipere
518 3927 669 4010 valeant,·
696 3927 848 4014 alioquin
877 3929 1014 3993 omnino
1040 3929 1233 3994 abstineant
1260 3929 1305 3993 ab
1326 3930 1453 4016 liujus·

323 4042 415 4108 modi
444 4042 677 4128 eleemosynis,
698 4043 800 4106 eliam
823 4049 939 4128 sponte
963 4043 1102 4127 oblatis,
1125 4043 1159 4107 in
1182 4047 1349 4128 [uturum
1370 4045 1454 4108 reci-

317 4157 462 4243 piendis.
483 4183 498 4216 n
521 4155 631 4235 Quam
650 4161 765 4220 tamen
780 4155 1042 4242 prohibitionem
1061 4157 1180 4222 eadem
1195 4156 1231 4222 S.
1254 4155 1398 4246 Congu,
1416 4158 1452 4222 in

324 4293 479 4356 responso
502 4267 562 4355 11,
584 4269 804 4356 interpretata
819 4277 871 4335 est
887 4269 1076 4354 moderate,
1089 4269 1162 4384 lroc
1177 4270 1278 4336 modo
1295 4289 1303 4336 2
1333 4298 1348 4330 a
1371 4271 1452 4336 Non
