3174 5046
409 564 454 613 DE
473 551 629 614 TEMPORE
649 561 908 613 cntsnnn'nonls
928 561 1036 613 Mlssn
1252 561 1285 614 27

160 731 232 774 sam
250 707 306 773 vel
325 707 493 795 privatam
511 708 567 773 vel
591 707 795 788 solemnem,
817 705 935 773 addit:
965 733 980 764 «
1003 706 1180 771 Postremo
1201 705 1285 771 San-

159 823 259 888 ctitas
283 821 352 887 Sua
385 821 535 886 declarat
567 821 630 885 hac
661 820 915 902 interdictione,
947 843 1022 908 quae
1055 818 1145 885 leriae
1179 828 1285 886 sextae

159 937 289 1001 ratione
306 933 395 1000 facta
414 941 482 1016 est,
506 935 600 999 haud
613 935 830 1020 permittere,
851 939 890 998 ut
909 931 992 997 feria
1012 933 1130 1021 quinta
1150 957 1188 1000 ac
1210 933 1286 998 sab-

158 1049 237 1114 bato
258 1049 410 1137 ejusdem
431 1048 567 1136 majoris
582 1047 803 1114 hebdomadae
822 1070 917 1112 sacra
926 1048 1090 1132 privatim
1107 1049 1285 1113 instituan-

160 1171 233 1247 tur,
253 1164 312 1228 sed
330 1163 546 1227 conventuale
564 1161 789 1244 solummodO,
809 1161 910 1248 juxta
929 1161 1032 1226 ritum
1052 1162 1087 1228 S.
1111 1162 1282 1243 Ecclesiae,

158 1285 192 1343 et
211 1277 308 1365 plura
328 1276 463 1342 decreta
482 1277 663 1342 Sacrorum
689 1276 831 1341 Rituum
851 1275 1134 1363 Congregationis
1146 1279 1168 1341 ¹.
1195 1303 1210 1338 n

202 1392 236 1456 1).
264 1390 429 1455 Pluribus
457 1391 598 1476 decretis
627 1390 661 1455 S.
689 1389 759 1454 Rit.
790 1387 931 1476 Congr.,
963 1413 1038 1476 quae
1070 1390 1154 1454 duos
1186 1412 1283 1454 casus

159 1504 447 1591 complectuntur,
465 1525 588 1592 nempe
615 1525 732 1568 casum
757 1503 992 1584 ecclesiarum,
1014 1503 1192 1591 inquibus
1211 1502 1284 1590 jam

159 1617 347 1684 celebratur
362 1618 465 1682 missa
478 1617 653 1700 solemniS,
676 1623 709 1682 01
728 1639 846 1682 casum
862 1617 1078 1682 ecclesiarum
1094 1639 1154 1682 seu
1174 1625 1284 1682 orato-

158 1733 301 1810 riorum,
328 1732 361 1796 in
387 1731 526 1820 quibus,
550 1756 583 1798 v.
608 1755 656 1818 g.,
679 1730 813 1796 delectu
837 1731 1086 1811 ministrorum,
1122 1730 1284 1796 celebrari

158 1846 276 1933 nequit
292 1847 362 1910 haec
382 1846 485 1911 missa
505 1845 678 1911 solemnis.
702 1845 806 1910 Porro
827 1846 860 1909 in
880 1853 1024 1934 utroque
1045 1869 1136 1928 casu,
1154 1845 1188 1910 S.
1211 1845 1280 1910 Rit.

158 1958 385 2047 Congregatio
418 1959 557 2024 omnino
591 1958 748 2047 prohibet
772 1959 895 2023 missas
919 1959 1073 2044 privatae
1097 1981 1157 2024 seu
1185 1959 1284 2023 lectas

159 2073 327 2162 (exeeptis
346 2074 463 2162 paucis
482 2072 633 2155 casibuS,
656 2073 697 2138 de
717 2071 840 2160 quibus
859 2072 977 2162 infra).
999 2113 1043 2120 —
1070 2071 1124 2138 Sic
1147 2072 1182 2136 in
1203 2073 1283 2137 Flo-

159 2189 308 2270 reatina,
333 2187 373 2254 19
398 2187 470 2253 dec.
495 2187 596 2268 istm
623 2187 725 2250 —in
755 2187 892 2270 Veneta,
915 2187 957 2252 20
982 2185 1094 2250 martii
1115 2186 1217 2266 17623
1240 2226 1283 2235 -

158 2301 192 2364 in
214 2302 397 2384 Conehen,
411 2301 453 2364 22
470 2301 543 2366 dee.
564 2301 665 2381 111ος
681 2300 771 2364 —in
786 2323 854 2365 000
869 2301 984 2384 Urbis,
1002 2299 1044 2366 28
1060 2308 1160 2368 mart.
1178 2301 1279 2380 17753

157 2453 200 2462 -
219 2414 254 2478 in
274 2437 340 2479 una
361 2414 465 2478 Tertii
484 2414 614 2478 ordinis
628 2413 663 2479 S.
686 2414 874 2496 Franciscr',
891 2415 929 2480 31
952 2437 1030 2502 aug.
1048 2413 1145 2495 1839,
1168 2413 1212 2478 ad
1228 2418 1242 2478 1
1258 2417 1279 2478 ³.

157 2563 200 2575 -—
223 2527 321 2593 Unde
344 2528 386 2592 de
411 2525 637 2616 prohibitione
663 2549 731 2592 non
757 2533 871 2614 potest
897 2550 971 2592 esse
996 2526 1194 2610 difficultas,
1221 2549 1282 2592 nec

156 2640 341 2729 probabilis
367 2648 419 2706 est
445 2641 558 2729 opinio
579 2641 758 2706 contraria.
785 2679 828 2688 -
851 2640 988 2705 Adsunt
1015 2647 1128 2706 tamen
1154 2641 1283 2728 aliquot

157 2755 390 2842 exceptiones,
408 2755 449 2820 de
465 2754 587 2842 quibus
603 2755 637 2819 in
651 2755 761 2842 specie
777 2755 919 2835 dicetur,
933 2754 1033 2840 juxta
1052 2755 1163 2820 varias
1178 2755 1282 2820 eccle-

157 2869 236 2934 sias.

202 2981 235 3046 2⁰
261 2981 300 3046 ln
333 2983 476 3047 ecclesiis
508 2981 762 3046 cathedralibus
791 2989 822 3044 et
856 2980 1056 3066 cottepiatis,
1093 2979 1283 3046 celebratur

157 3096 228 3160 sola
250 3097 353 3160 missa
377 3096 627 3178 conventualis,
647 3095 748 3182 juxta
775 3095 1013 3160 Caeremoniale
1032 3096 1279 3182 episcoporum,

156 3208 216 3278 lib.
239 3209 287 3291 ll,
309 3233 339 3276 c.
362 3231 455 3276 xxm.
475 3209 512 3274 In
533 3210 595 3274 hac
615 3218 729 3275 autem
750 3209 852 3274 missa
872 3209 1062 3292 celebrans,
1076 3210 1176 3297 juxta
1192 3209 1282 3275 idem

159 3324 412 3408 Caeremoniale,
445 3347 479 3390 n.
503 3324 539 3404 6,
563 3351 578 3384 «
613 3324 842 3389 communicat
865 3324 1013 3412 primum
1044 3325 1224 3390 diaconum
1248 3331 1283 3389 et

157 3435 418 3520 subdiaconum,
448 3437 569 3501 deinde
596 3459 711 3502 omnes
743 3439 917 3503 canonicos
943 3447 1100 3524 paratos,
1132 3447 1164 3503 et
1199 3440 1282 3503 alios

155 3553 341 3616 sacerdotes
361 3552 565 3616 deecclesia.
592 3577 606 3610 n
627 3590 671 3598 -
691 3550 798 3638 Cujus
817 3551 903 3616 ratio
921 3559 990 3633 est,
1013 3551 1113 3638 juxta
1137 3552 1281 3617 Benedi-

156 3673 249 3730 ctum
261 3664 352 3746 XIV,
369 3665 497 3748 Instit,
507 3663 695 3746 XXXVIII,
709 3687 743 3729 n.
758 3667 790 3746 5,
804 3665 990 3730 recordatio
1004 3664 1130 3731 Christi
1144 3664 1281 3729 Domini

156 3778 219 3842 hac
238 3777 292 3842 die
311 3778 523 3844 instituentis
547 3801 642 3844 sacra
666 3779 847 3866 mysteria,
870 3785 903 3844 et
923 3777 1089 3844 tradentis
1113 3801 1152 3842 ea
1172 3778 1281 3843 omni-

156 3887 220 3955 bus
244 3889 420 3979 discipulis
449 3892 551 3958 suis³.
578 3893 758 3972 Attamen,
788 3892 816 3955 si
850 3892 907 3979 qui
936 3890 1089 3956 canonici
1118 3891 1186 3956 sint
1210 3892 1281 3980 epi-

189 4065 195 4097 1
212 4065 277 4114 Haec
292 4065 375 4115 verba
389 4067 533 4130 exscripsit
548 4068 710 4116 Benedictus
725 4067 798 4127 XIV,
813 4067 891 4126 Inst„
912 4066 1067 4126 XXXVIII,
1083 4081 1109 4114 n.
1123 4071 1146 4113 9,

188 4145 325 4196 ²Decreta
343 4147 513 4206 authentica,
533 4163 558 4196 n.
579 4151 638 4207 980,
656 4149 762 4208 Romen,
780 4153 853 4206 1898,
870 4151 889 4196 1.
906 4163 927 4206 ι,
943 4163 970 4210 p.
987 4153 1045 4206 2093
1067 4163 1093 4195 0.
1114 4149 1188 4204 alst,
1206 4147 1227 4194 t.
1249 4161 1281 4204 u,

156 4238 181 4288 p.
198 4229 256 4285 123;
272 4241 297 4274 0.
313 4229 387 4284 2-189,
403 4229 423 4276 1.
440 4243 470 4286 0,
487 4243 513 4290 p.
529 4233 587 4288 182;
605 4243 631 4275 n.
646 4231 719 4288 2503,
737 4231 756 4276 t.
773 4244 804 4287 11,
820 4243 846 4290 p.
864 4233 922 4288 1³7;
943 4243 969 4276 n.
986 4232 1060 4284 2799,
1077 4231 1096 4276 1.
1113 4243 1143 4286 0,
1161 4241 1187 4290 p.
1203 4229 1257 4274 288.

188 4303 257 4353 3110
279 4307 360 4355 etiam
383 4306 410 4356 S.
433 4307 489 4358 nit.
512 4307 619 4370 Congn,
637 4309 664 4355 in
688 4307 842 4366 Civitatem,
863 4313 891 4355 27
914 4310 983 4370 sept.
1008 4311 1067 4356 1698
1089 4307 1187 4370 (reluta
1209 4307 1281 4370 apud

158 4384 268 4434 Decreta
282 4385 452 4446 authentica,
469 4387 519 4436 sub
535 4403 561 4436 n.
577 4391 651 4442 2189,
668 4389 693 4436 10
711 4387 855 4445 6000100.,
872 4390 891 4436 t.
908 4403 938 4448 n,
955 4403 980 4450 p.
999 4388 1066 4449 132),
