3180 5024
277 529 321 580 DE
340 528 607 580 mausulssmrvu
626 531 667 580 ET
687 529 912 582 COLLECTIONE
931 532 1228 586 ELEEMOSYNARUM
1266 531 1315 586 197
1364 589 1367 595 ¹

186 671 394 754 dioeceseon,
423 672 607 739 dummodo
634 673 698 739 sibi
722 675 794 739 noti
822 675 1092 766 sint,·omnique
1118 679 1315 766 exceptione

185 786 349 872 majores,
372 793 405 852 et
424 787 576 875 legitima
594 787 798 854 documenta
816 787 919 854 edant
937 790 1025 856 inter
1042 791 1219 878 praesrxum
1238 815 1316 856 con-

185 921 309 986 gruum
335 907 471 989 tempus
497 900 621 989 quibus
647 902 689 968 de
720 909 838 968 exacta
868 904 1062 970 earumdem
1088 905 1316 971 satisfactione

186 1019 332 1080 constet.
1210 995 1212 1000 ,
1320 1091 1324 1096 κ

144 1177 150 1187 .
231 1154 248 1189 a
273 1128 444 1216 Denique,
470 1130 637 1196 revocatis
662 1129 931 1220 quibuscumque
960 1132 1102 1196 indultis
1125 1139 1159 1198 et
1181 1133 1316 1221 privile-

185 1242 251 1328 giis
276 1265 385 1330 usque
412 1265 503 1308 nunc
529 1245 700 1310 concessis
726 1267 801 1332 quse
826 1246 1005 1333 praesentis
1024 1245 1152 1311 decreti
1175 1246 1317 1334 disposi·
1409 1315 1411 1322 ‚

186 1355 337 1422 tionibus
359 1363 545 1446 utcumque
566 1357 800 1436 adversentur,
823 1359 858 1424 S.
883 1358 1008 1447 Congr.
1031 1383 1119 1425 curae
1145 1366 1180 1426 et
1206 1359 1316 1424 officio

186 1469 401 1556 singulorum
420 1469 676 1538 Ordinariorum
696 1473 895 1552 committit,
918 1479 956 1538 ut
974 1495 1123 1560 praesens
1144 1473 1316 1539 decretum

185 1582 344 1649 omnibus
370 1584 609 1650 ecclesiasticis
629 1607 698 1650 suae
719 1585 949 1672 jurisdictioni
974 1584 1152 1674 subjectiS,
1174 1584 1316 1675 aliisque

185 1719 330 1785 quorum
361 1721 403 1763 ex
434 1698 641 1787 praescriptis
669 1700 826 1781 interest,
854 1707 973 1765 notum
1002 1700 1147 1766 sollicite
1173 1699 1313 1782 faciant,

184 1833 227 1876 ne
254 1811 331 1898 quis
358 1812 392 1876 in
418 1819 593 1900 posterum
620 1813 847 1901 ignorantiam
871 1812 1035 1900 allegare,
1064 1821 1123 1879 aut
1149 1812 1191 1879 ab
1215 1814 1316 1902 hujus

184 1925 312 1991 decreti
338 1925 555 1991 observantia
586 1949 622 1992 se
642 1949 811 2000 excusare
839 1926 1095 2016 quomodolibet
1125 1928 1250 2015 possit3
1281 1935 1315 1992 et

183 2039 323 2127 insuper
341 2046 379 2104 ut
399 2039 471 2105 sive
491 2041 526 2104 in
546 2063 642 2106 sacra
661 2041 865 2106 Visitatione
885 2040 957 2106 sive
976 2048 1072 2106 extra
1091 2041 1209 2107 sedulo
1229 2041 1316 2127 vigi-

184 2153 273 2234 lent,
295 2177 338 2219 ne
358 2153 485 2219 abusus
505 2155 567 2219 hac
587 2155 621 2219 in
640 2177 677 2220 re
697 2155 821 2220 iterum
840 2155 1039 2222 inolescant.

231 2294 247 2328 a
279 2267 382 2333 Facta
407 2276 522 2333 autem
547 2270 589 2334 de
612 2268 665 2333 his
689 2267 848 2334 omnibus
878 2269 1041 2336 relatione
1070 2269 1175 2336 SSmo
1201 2269 1243 2336 D.
1269 2270 1312 2336 N.

186 2381 291 2448 Leoni
310 2381 350 2447 P.
373 2382 412 2447 P.
431 2381 510 2446 Xlll
532 2406 592 2472 per
611 2383 864 2470 infrascriptum
885 2383 919 2452 S.
942 2384 1068 2472 Congr.
1093 2383 1205 2466 Praei,
1228 2384 1315 2450 San-

185 2496 286 2560 ctitas
312 2495 381 2562 Sua
408 2497 471 2560 hoc
493 2497 654 2561 limorum
681 2497 823 2562 Patrum
846 2497 1019 2587 decretum
1046 2505 1158 2564 ratum
1177 2497 1311 2579 habuit,

184 2610 399 2675 confirmavit
422 2616 524 2698 atque
549 2611 603 2675 edi
627 2611 820 2692 mandavit,
843 2613 1020 2676 contrariis
1044 2612 1313 2700 quibuscumque

184 2723 324 2788 minime
344 2723 571 2790 obstantibus.
821 2781 823 2784 .

231 2865 247 2898 a
275 2838 400 2902 Datum
420 2839 554 2922 Romae,
577 2839 630 2905 die
650 2839 692 2906 25
714 2839 792 2903 maii
819 2838 916 2906 1893.
939 2878 982 2888 -
1001 2840 1044 2905 A.
1073 2839 1173 2905 Card.
1196 2838 1309 2926 Episc.

183 2951 382 3018 Sabinensis
403 2952 502 3018 Praef.
521 2957 542 3018 ¹.
568 2977 583 3016 r

229 3066 352 3132 Paucis
371 3073 485 3131 autem
504 3074 581 3155 post
601 3068 717 3147 annis,
739 3089 861 3156 nempe
880 3066 923 3132 28
942 3091 1020 3154 aug.
1045 3066 1143 3150 1897,
1166 3065 1200 3132 S.
1224 3066 1311 3132 Con·

182 3180 335 3266 gregatio
356 3179 499 3246 Concilii
518 3181 562 3245 ad
580 3204 699 3246 omnes
719 3180 917 3246 Ordinarios
943 3181 1048 3246 ltaliae
1069 3181 1161 3248 misit
1180 3181 1311 3246 litteras

182 3271 388 3379 encyclicas,
415 3299 453 3358 ut
482 3317 540 3358 eos
567 3293 723 3358 incitaret
759 3295 801 3359 ad
831 3295 1097 3382 promovendam
1127 3293 1309 3360 observan-

181 3407 265 3472 tiam
284 3407 410 3473 decreti
431 3407 606 3494 Viqilanti,
625 3409 716 3496 quod
735 3409 769 3472 in
789 3408 958 3496 aliquibus
973 3409 1057 3474 locis
1072 3433 1140 3475 non
1156 3417 1309 3476 accurate

182 3521 309 3586 servari
328 3521 481 3587 auditum
501 3521 640 3587 fueram

227 3709 322 3777 10³.
338 3748 378 3757 —
400 3709 532 3796 Turpe
552 3711 859 3804 mercimonium
878 3712 921 3778 in
941 3711 1119 3798 praefatis
1138 3711 1308 3781 decretis

181 3821 429 3909 prohibitum
448 3831 487 3892 et
506 3824 751 3892 damnatum.

228 3935 259 3999 l⁰
278 3937 389 4025 Turpe
405 3937 679 4018 mercimonium,
697 3937 788 4026 quod
803 3939 942 4028 praelata
962 3940 1096 4006 decreta
1111 3939 1304 4029 prohibent,

211 4105 220 4140 ¹
235 4106 304 4155 Acta
317 4105 342 4154 S.
360 4105 450 4164 Sedis,
468 4111 486 4156 ι.
503 4121 579 4164 xxvi,
597 4123 622 4170 p.
637 4112 733 4156 56-59.
825 4125 831 4133 ·

211 4184 223 4218 ²
240 4185 340 4236 Videas
359 4186 408 4235 has
427 4187 544 4246 litteras,
566 4187 655 4250 lingua
675 4187 765 4237 italica
785 4189 913 4251 scriptas,
939 4191 965 4237 in
988 4189 1121 4239 Munitore
1140 4189 1216 4251 eost,
1237 4193 1256 4239 t.
1277 4206 1306 4250 x,

180 4278 242 4328 pars
263 4265 288 4322 l,
307 4281 334 4328 p.
356 4269 413 4324 194;
435 4267 586 4316 versionem
608 4270 699 4316 autem
720 4267 830 4317 latinam
855 4269 927 4331 apud
952 4270 1019 4319 Acta
1038 4270 1063 4318 S.
1086 4269 1174 4328 Sedis,
1201 4273 1220 4318 t..
1243 4286 1306 4329 xxx,

180 4359 207 4407 p.
223 4349 346 4394 625-627.
