3180 5024
287 417 340 471 278
592 415 636 467 DE
655 415 873 468 ssncussuso
893 415 1114 467 SACRAMENTO

291 565 388 629 liceat
412 563 446 628 in
472 563 518 626 eis
536 583 706 626 asservare
730 561 982 626 sanctissimum
1006 559 1279 627 Sacramentum.
1302 601 1347 612 —
1367 561 1429 626 Ad

289 675 382 766 quod
401 676 489 740 clare
509 673 764 764 exponendum,
787 675 858 739 haec
877 674 1020 740 dicenda
1043 693 1050 741 :

339 789 372 854 1ο
390 788 513 856 Nullus
531 796 647 854 textus
666 795 719 854 est
737 788 771 852 in
793 787 942 875 Corpore
960 789 1053 854 Juris
1072 791 1185 855 autin
1205 790 1433 856 constitutio-

292 901 393 970 nibus
417 903 650 968 Romanorum
669 903 884 989 pontificum,
912 903 971 990 qui
994 903 1080 969 banc
1105 903 1259 992 regulam
1278 911 1430 970 statuat.

292 1017 380 1084 Nam
400 1024 516 1084 textus
536 1017 595 1106 qui
614 1017 801 1082 afferuntur
819 1015 861 1081 ab
880 1016 1076 1083 auctoribus
1095 1025 1155 1084 aut
1174 1017 1259 1083 nihil
1278 1017 1433 1106 probant

291 1140 353 1198 aut
384 1131 426 1196 ad
453 1154 524 1196 rem
555 1153 623 1195 non
657 1138 753 1211 sunt;
789 1153 864 1196 033.
901 1129 1041 1216 Tribus,
1078 1131 1137 1215 23,
1174 1133 1254 1198 dist.
1288 1131 1341 1212 11,
1376 1133 1434 1197 Du

292 1263 564 1327 consummans,
586 1251 638 1310 est
657 1245 885 1333 apocryphus,
902 1245 1069 1312 confictus
1083 1269 1103 1311 a
1118 1245 1428 1327 Pseudo-Isidoro;

292 1385 369 1426 033.
404 1361 599 1446 Presbyter,
634 1358 694 1440 93,
729 1359 827 1443 ibid„
860 1359 957 1446 cujus
993 1359 1157 1446 originem
1181 1383 1283 1450 supra
1312 1361 1434 1426 texui-

294 1497 386 1556 3133,
414 1474 626 1539 demonstrat
654 1480 790 1539 tantum
824 1475 858 1538 in
895 1474 1069 1560 parochiis
1101 1475 1220 1539 debere
1258 1477 1434 1540 asservari

291 1611 424 1652 sacram
439 1587 695 1652 Eucharistiam
718 1596 863 1673 propter
882 1589 1052 1672 infirmos,
1079 1586 1138 1652 sed
1166 1595 1257 1654 tacet
1280 1587 1325 1654 de
1349 1587 1433 1654 aliis

293 1701 462 1782 ecclesiis;
489 1725 519 1770 c.
548 1700 727 1786 Officium,
755 1701 792 1782 3,
814 1701 865 1765 Du
884 1721 1006 1768 orr1c1o
1027 1722 1330 1784 snculenssnrrsm,
1356 1725 1431 1768 non

292 1815 365 1903 agit
401 1815 468 1881 nisi
503 1815 544 1880 de
577 1814 734 1901 parochia
768 1815 915 1880 civitatis
947 1815 1165 1904 episcopalis;
1206 1816 1273 1880 duo
1307 1824 1430 1882 autem

292 1931 359 1996 alia
384 1930 511 2019 capita,
543 1952 664 2018 nempe
693 1952 722 1994 c.
749 1927 855 2012 Sane,
883 1930 941 2011 10,
973 1929 1024 1994 Du
1048 1950 1284 1996 mussnsmonn
1312 1951 1431 1997 mssa-

294 2066 376 2126 nuu,
408 2052 442 2110 et
473 2069 502 2110 c.
531 2043 739 2128 Statumae,
767 2045 802 2124 1,
831 2043 882 2108 De
911 2064 1062 2110 cusronm
1088 2045 1328 2125 Enemmsnn,
1355 2069 1428 2110 non

291 2166 415 2245 agunt,
437 2165 475 2223 ut
494 2157 567 2246 jam
599 2159 727 2223 dictum
755 2165 824 2240 est,
855 2158 921 2223 nisi
953 2157 994 2223 de
1024 2159 1134 2244 modo,
1164 2183 1231 2248 quo
1260 2160 1428 2224 custodiri

294 2270 415 2338 debeat
439 2295 533 2337 sacra
564 2273 774 2338 Eucharistia
802 2273 844 2338 ad
868 2273 1043 2339 vitandam
1069 2297 1205 2339 omnem
1235 2275 1428 2340 irreveren-

294 2386 375 2451 tiam
409 2393 467 2452 aut
497 2387 706 2454 violentiam.
736 2425 781 2435 -
814 2385 885 2452 Imo
920 2387 1059 2476 (praeter
1097 2411 1176 2452 mox
1208 2387 1426 2454 referendum

294 2501 468 2565 decretum
501 2499 535 2566 S.
571 2501 642 2566 Rit.
679 2499 820 2588 Congu,
851 2502 891 2566 10
924 2501 997 2568 dec.
1031 2501 1133 2584 1703,
1167 2503 1259 2590 quod
1284 2503 1427 2590 respicit

293 2615 446 2680 ecclesias
465 2614 806 2704 confraternitatum)
827 2639 895 2680 non
920 2623 972 2681 est
990 2615 1099 2680 ullum
1126 2617 1299 2682 decretum
1322 2641 1429 2702 yene-

297 2730 368 2796 0310
387 2753 558 2796 sacrarum
573 2731 672 2796 Rom.
695 2730 1017 2817 Congregationum‚
1041 2728 1132 2818 quod
1152 2731 1215 2795 hac
1235 2731 1277 2796 de
1297 2753 1334 2796 re
1354 2738 1427 2796 sta-

297 2851 381 2910 tuat.

342 2960 377 3023 2⁰
406 2961 567 3025 Attamen
596 2957 743 3024 dubitari
776 2957 895 3044 nequit
923 2957 965 3022 de
993 2957 1137 3023 veritate
1166 2958 1292 3044 regulae
1321 2983 1426 3048 supra

298 3074 489 3160 propositae.
512 3111 555 3122 -
575 3073 687 3138 Nam:
711 3075 740 3136 t.
764 3071 897 3136 Passim
917 3070 1062 3136 invaluit
1080 3073 1286 3138 consuetudo
1306 3074 1341 3137 in
1361 3074 1427 3139 hoc

298 3208 415 3266 sensu,
438 3187 528 3273 quod
552 3209 673 3274 nempe
697 3185 731 3250 in
755 3185 837 3250 solis
857 3183 1008 3250 ecclesiis
1030 3185 1280 3272 parochialibus
1306 3191 1358 3276 (et
1377 3189 1428 3253 eis

296 3297 513 3389 assimilatis)
536 3306 768 3366 asservaretur
786 3322 879 3364 sacra
900 3299 1138 3365 Eucharistia:
1164 3301 1262 3388 eujus
1281 3325 1428 3368 consue-

298 3412 426 3480 tudinis
446 3416 531 3479 ratio
559 3423 610 3480 est
636 3415 727 3503 quod
752 3414 943 3501 praecipuus
962 3413 1039 3478 finis
1061 3413 1163 3502 hujus
1182 3417 1428 3482 asservationis

297 3536 352 3595 est
384 3527 572 3594 subsidium
610 3530 819 3594 intirmorum
858 3550 952 3593 sacro
988 3528 1112 3594 viatico
1149 3529 1426 3610 reficiendorum

299 3667 399 3731 porro
418 3666 497 3708 eura
517 3643 725 3707 intirmorum
747 3642 829 3706 solis
850 3643 1003 3707 ecclesiis
1021 3643 1273 3730 parochialibus
1294 3667 1428 3710 annexa

299 3764 368 3836 est3
390 3795 434 3805 —
460 3757 492 3821 2.
516 3757 612 3821 Hanc
633 3756 913 3821 consuetudinem
934 3755 1079 3820 multum
1099 3755 1184 3822 fovit
1203 3764 1237 3824 et
1256 3759 1430 3844 promovit

297 3879 454 3938 constans
463 3870 741 3958 jurisprudentia
762 3869 1073 3955 Conpreqationum
1086 3870 1343 3954 Romanarum;
1358 3873 1428 3937 sic:

299 4011 331 4052 a.
361 3986 462 4052 Sacra
483 3983 608 4072 Congr.
637 3983 796 4068 Concilii,
821 3984 856 4048 in
876 3983 1109 4068 Salernitana,
1133 3984 1173 4051 19
1199 4009 1279 4072 aug.
1303 3987 1427 4067 17021,

331 4227 339 4259 ¹
359 4225 439 4288 Apud
453 4224 545 4282 Petra,
563 4223 613 4271 tor.
629 4221 684 4280 cit,
697 4237 725 4270 n.
742 4227 769 4270 21
780 4227 839 4270 -21,
