3224 5044
264 417 315 472 ¹52
747 415 791 466 DE
810 415 907 467 MtSSA

263 587 338 630 cere
362 586 466 628 onera
490 563 687 642 missarum,
710 584 854 650 quorum
875 561 1004 625 reditus
1028 585 1069 626 ex
1093 569 1188 649 parte
1214 563 1393 650 perierunt

264 677 336 744 sine
360 677 459 765 culpa
484 683 654 742 rectorum
680 675 831 741 ccclesiae
853 674 910 740 vel
936 675 1095 740 instituti.
1119 715 1160 728 -
1180 677 1255 740 Hoc
1273 683 1393 742 autem

263 793 298 856 in
322 813 420 872 casu,
448 791 519 856 hmo
541 790 683 856 dicenda
706 808 713 854 :
737 793 767 854 t.
795 789 872 854 Non
892 796 1004 877 potest
1028 790 1187 855 reducere
1212 790 1339 856 missas
1360 792 1394 855 oi

263 911 455 970 contractus
484 911 674 992 susceptas,
703 903 763 969 sed
788 909 938 984 tantum,
970 903 1014 969 ad
1039 905 1238 970 instantiam
1263 905 1391 992 partis,

260 1017 386 1108 judicis
410 1019 519 1084 vicem
549 1042 648 1105 agere
677 1025 712 1083 et
735 1018 894 1083 reducere
922 1024 1133 1083 contractum
1164 1018 1208 1082 ad
1233 1041 1394 1082 normam

261 1133 418 1222 justitia»,
440 1140 616 1220 utsupra,
638 1153 671 1196 n.
694 1131 763 1214 75,
784 1132 977 1218 expositum
997 1139 1065 1211 est;
1087 1169 1131 1179 -
1150 1133 1181 1197 3.
1205 1133 1242 1198 Si
1261 1133 1395 1219 episco-

264 1271 329 1336 pus
347 1255 463 1313 utatur
474 1247 563 1312 dicta
578 1245 751 1333 opinione,
769 1252 883 1333 potest
898 1246 1000 1311 etiam
1015 1247 1174 1312 reducere
1190 1246 1258 1311 alia
1273 1269 1391 1326 onera,

266 1384 341 1450 quae
365 1361 459 1426 oncri
483 1359 663 1424 missarum
682 1358 824 1424 forsitan
839 1361 908 1424 sint
924 1361 1059 1447 juncta,
1080 1368 1199 1448 utper
1218 1383 1256 1424 se
1275 1367 1391 1448 patet;

265 1514 309 1525 -
329 1475 365 1541 3.·
384 1475 461 1539 Non
481 1473 680 1559 astringitur
698 1473 859 1560 praedicta
882 1473 1034 1538 clausula
1058 1474 1199 1556 indulti,
1229 1473 1271 1537 de
1290 1473 1394 1538 redu-

266 1587 371 1654 cendo
388 1589 510 1653 missas
525 1587 568 1652 ad
582 1593 698 1652 taxam
713 1586 936 1673 elcemosynae
946 1587 1184 1670 manuatis,·-
1197 1586 1228 1652 t.
1242 1587 1396 1652 Tenetur

265 1725 399 1768 servare
419 1701 553 1790 regulas
573 1699 749 1788 generales
767 1700 973 1766 reductionis
993 1702 1184 1783 missarum,
1206 1701 1248 1766 de
1268 1701 1395 1790 quibus

266 1817 392 1883 statim.

310 2053 379 2123 80.
396 2094 437 2106 -
457 2054 618 2141 Regulos
630 2049 835 2142 generales
854 2073 928 2142 pro
947 2053 1127 2125 socienda
1145 2053 1393 2123 reductione.

265 2167 407 2231 —Sive
428 2165 615 2254 Episcopus
639 2174 754 2232 utatur
774 2167 922 2250 indulto,
950 2166 1021 2231 sive
1042 2168 1126 2253 jure
1141 2168 1284 2254 proprio
1290 2219 1301 2252 ,
1319 2169 1394 2234 herc

266 2279 433 2345 servanda
453 2285 532 2344 sunt
551 2298 558 2344 :

311 2396 344 2458 4⁰
363 2392 399 2458 Si
418 2393 512 2458 oneri
531 2394 712 2460 missarum
731 2386 800 2460 alia
816 2417 929 2474 onera,
952 2419 985 2462 v.
1008 2419 1056 2482 g.‚
1079 2395 1390 2482 eleemosynarum,

265 2508 300 2572 in
319 2507 438 2573 eodem
458 2508 570 2594 legato
585 2507 704 2596 juncta
724 2510 808 2590 sint,
836 2509 906 2573 haec
927 2508 992 2573 alia
1011 2531 1114 2574 onera
1133 2508 1265 2592 reduci,
1288 2518 1338 2592 et,
1361 2512 1392 2575 si

265 2645 350 2711 opus
380 2622 440 2705 sit,
470 2623 635 2711 supprimi
662 2623 803 2706 debent,
830 2629 1013 2711 antequam
1037 2623 1150 2688 missae
1169 2625 1387 2691 reducantur.

264 2739 427 2804 -Ratio
448 2743 499 2802 est
518 2739 673 2803 voluntas
688 2745 898 2823 presumpta
922 2736 1127 2826 fundatoris,
1153 2763 1168 2798 o
1190 2739 1264 2828 qui,
1287 2746 1325 2804 ut
1345 2741 1393 2804 ait

266 2853 471 2918 Benedictus
499 2851 593 2933 XIV,
626 2851 808 2940 proclivior
833 2851 937 2916 fuisse
964 2851 1154 2917 censendus
1180 2859 1231 2917 est
1251 2853 1287 2916 in
1307 2853 1395 2918 illud

264 2966 359 3054 pium
378 2989 479 3054 opuS,
503 2990 545 3032 ex
563 2989 631 3055 quo
647 2967 774 3056 majora
793 2966 913 3030 animae
933 2989 1003 3030 suae
1022 2965 1183 3054 suffragia
1204 2965 1393 3033 obventura

264 3081 483 3168 prospiceret,
506 3080 606 3168 quale
626 3088 678 3146 est
696 3081 910 3145 incruentum
930 3078 1046 3144 altaris
1061 3080 1293 3146 sacrificiun1¹.
1319 3110 1336 3142 »
1351 3121 1394 3134 -

264 3192 333 3259 Sed
361 3195 440 3281 quia
461 3195 681 3282 preasumptio
711 3194 800 3259 cedit
828 3193 980 3275 veritati,
1010 3193 1100 3259 dicta
1127 3195 1245 3282 regula
1274 3195 1391 3262 fallit:

267 3309 298 3371 t.
321 3305 356 3370 Si
377 3305 479 3370 aliam
497 3307 601 3372 fuisse
621 3307 811 3372 fundatoris
830 3308 1043 3372 voluntatem
1064 3315 1197 3374 constet
1217 3333 1261 3375 ex
1280 3311 1394 3400 dispo·

170 3485 173 3494 ,
266 3419 388 3486 sitione
412 3421 679 3501 testamentarin;
700 3461 743 3471 —
763 3422 795 3486 2.
823 3421 859 3487 Si
886 3421 1030 3508 singulis
1054 3423 1213 3488 oneribus
1238 3423 1393 3492 diversos

266 3537 492 3623 assignaverit
514 3535 659 3616 reditus,
686 3537 764 3624 quia
790 3533 838 3600 sic
862 3544 977 3623 aperte
1001 3536 1150 3602 ostendit
1180 3561 1215 3602 se
1243 3538 1393 3606 voluisse

265 3659 304 3718 ut
324 3675 425 3717 onera
446 3651 487 3716 ab
506 3651 652 3716 invicem
673 3657 787 3714 essent
803 3650 1077 3739 independentia.

311 3765 344 3830 2ο
371 3764 422 3848 Si,
449 3767 548 3854 juxta
579 3765 732 3850 regulam
756 3765 969 3853 praedictam,
1003 3766 1197 3832 reducenda
1232 3770 1300 3834 sint
1327 3769 1394 3834 alia

266 3902 380 3960 onera,
397 3879 584 3967 Episcopus
596 3900 766 3943 recurrere
781 3876 883 3943 debet
902 3878 945 3942 ad
965 3878 999 3944 S.
1016 3879 1142 3968 Congr.
1162 3881 1282 3964 Conc,
1299 3883 1391 3970 quia,

265 4000 304 4058 ut
330 3993 458 4060 dictum
488 3999 555 4075 est,
584 3992 758 4057 indultum
783 3991 922 4057 solitum
949 4014 1017 4059 non
1044 3995 1242 4060 extenditur
1265 3996 1332 4060 nisi
1351 3995 1395 4060 ad

299 4228 308 4262 ¹
325 4227 363 4276 De
375 4227 491 4292 synodo,
506 4228 552 4276 lib.
569 4225 645 4286 xul,
662 4243 685 4275 c.
702 4227 760 4285 ult,
775 4241 800 4275 n.
816 4233 854 4275 23.
