3174 5046
458 465 501 514 DE
522 465 605 515 Loco
624 461 882 518 uuiununuloms
902 469 1010 520 MISSAE
1267 468 1296 518 tt

218 609 257 678 6.
282 649 326 658 -
346 610 546 686 Quaeritur
567 610 605 676 1⁰
624 609 666 674 In
686 611 894 696 quibusnam
916 613 1049 677 casibus
1062 612 1171 698 possit
1188 611 1300 676 adhuc

170 725 361 810 Episcopus
375 723 591 809 permittere,
616 729 653 788 ut
675 725 782 790 missa
796 726 977 791 celebratio
995 728 1058 810 fiat
1076 733 1172 789 cetra
1198 725 1299 790 eccle-

169 840 238 903 sias
257 845 288 902 et
308 839 470 903 oratoria.

216 952 315 1037 Resp.
329 974 342 1017 .·
358 951 542 1036 Deficiente
558 951 753 1018 authentica
772 953 1050 1042 interpretatione
1066 976 1141 1041 quae
1161 952 1300 1040 definiat

170 1073 342 1155 quatenus
362 1065 471 1130 adhuc
485 1071 601 1154 pateat
616 1066 678 1131 hac
699 1067 734 1132 in
753 1089 788 1132 re
813 1074 963 1154 potestas
988 1066 1162 1154 Episcopi,
1186 1089 1299 1132 recur-

170 1203 244 1246 rere
269 1179 422 1267 cogimur
447 1179 490 1244 ad
513 1203 630 1262 usum,
652 1181 695 1245 ad
719 1203 934 1246 communem
959 1181 1153 1268 graviorum
1182 1181 1299 1244 docto-

169 1317 247 1358 rum
270 1294 602 1381 interpretationem,
632 1295 788 1359 simulet
812 1295 853 1360 ad
879 1317 952 1360 ean.
973 1295 1209 1376 Concedimus,
1237 1293 1295 1374 30,

170 1407 251 1473 dist.
284 1407 314 1489 1,
347 1408 396 1472 Du
430 1427 593 1489 corisson,
626 1408 700 1496 qui,
735 1408 815 1473 licet
846 1408 890 1474 sit
919 1407 1052 1472 concilii
1084 1405 1298 1494 particularis

171 1520 311 1610 (nempe
331 1520 537 1608 Moguntini,
560 1543 614 1587 an.
639 1520 715 1604 888,
738 1545 812 1587 can.
836 1522 888 1610 9),
914 1521 1159 1587 consuetudine
1182 1527 1298 1586 tamen

170 1641 328 1723 receptus
347 1643 400 1701 est
419 1635 658 1718 communiter,
676 1658 738 1700 nec
757 1635 941 1723 abrogatus
961 1644 1012 1701 est
1034 1661 1053 1701 a
1073 1659 1168 1700 cono.
1189 1633 1295 1714 Trid.,

169 1749 261 1837 quod
280 1771 348 1813 non
372 1747 574 1836 respiciebat
592 1749 659 1813 nisi
678 1772 892 1815 communem
917 1773 1017 1815 usum
1041 1749 1294 1828 celebrationis,

170 1869 208 1927 ut
228 1863 357 1928 dietum
376 1869 440 1928 est.
458 1902 501 1910 —
523 1863 644 1944 Porro,
667 1863 720 1928 his
739 1863 895 1944 attentis,
915 1864 981 1928 duo
1002 1863 1169 1929 dicenda:

216 1975 251 2040 l⁰
271 1975 390 2054 Quoad
410 1999 516 2060 casus,
540 1977 729 2065 Episcopus
748 1983 862 2064 potest
883 1978 1079 2065 permittere
1099 1974 1296 2041 celebratio-

169 2112 249 2155 nem
269 2089 381 2154 missae
400 2095 496 2154 extra
511 2089 671 2156 ecelesias
691 2098 726 2156 et
745 2092 891 2156 oratoria
910 2110 917 2156 :

214 2227 246 2268 a.
269 2201 412 2281 Quando
437 2203 588 2269 eeclesiae
612 2211 692 2269 sunt
716 2205 854 2289 dirutae,
877 2226 1090 2293 quocumque
1110 2202 1222 2267 modo.
1247 2201 1296 2267 Ita

170 2339 328 2406 expresse
346 2317 382 2382 in
401 2318 459 2383 cit.
481 2340 556 2384 ean.
580 2318 813 2384 Concedimus.
830 2319 923 2383 Tunc
944 2319 1132 2406 Episcopus
1156 2317 1297 2382 missam

169 2431 364 2519 permittere
384 2437 498 2518 potest
510 2432 546 2496 in
566 2432 651 2497 locis
670 2432 836 2520 profanis,
852 2433 953 2496 modo
973 2432 1086 2496 omnia
1107 2431 1175 2496 sint
1194 2430 1298 2494 hone-

170 2551 238 2624 sta;
273 2545 356 2610 item
384 2569 404 2610 a
436 2545 568 2611 fortiori
600 2552 717 2634 posset
749 2569 824 2612 eam
849 2546 1045 2635 permittere
1078 2546 1114 2610 in
1143 2544 1297 2610 oratoriis

169 2657 381 2739 domesticis,
404 2659 464 2724 sed
485 2659 583 2724 modo
598 2668 739 2745 pateant
758 2661 927 2725 omnibus.

213 2773 248 2838 b.
271 2770 416 2850 Quando
437 2773 580 2838 ecelesia
600 2773 701 2838 nimis
715 2796 823 2859 parva
843 2779 910 2854 est,
932 2779 987 2854 ut,
1010 2771 1151 2837 infesto
1172 2770 1296 2835 solem-

170 2885 271 2968 niori,
306 2887 470 2975 populum
502 2886 637 2952 fidelem
672 2887 860 2966 contineat,
893 2886 952 2974 qui
979 2908 1078 2950 casus
1110 2883 1229 2949 recidit
1261 2884 1296 2948 in

170 3000 392 3089 superiorem3
423 3001 459 3065 in
485 3008 630 3088 utroque
658 3000 749 3066 enim
779 3001 892 3086 deficit
918 2999 1072 3066 ecclesia.
1101 3000 1195 3064 Tune
1215 2997 1296 3085 Epi·

170 3135 292 3200 scopus
324 3114 520 3202 permittere
547 3122 661 3203 potest
690 3121 745 3196 ut,
773 3122 851 3180 ante
881 3113 970 3180 sores
998 3112 1165 3194 ecclesiae,
1192 3111 1296 3177 missa

170 3224 357 3292 celebretur
380 3227 415 3292 in
435 3249 492 3293 ara
511 3227 674 3316 portatili.

212 3363 241 3406 c.
259 3341 424 3429 Tempore
440 3343 546 3427 pestis
550 3361 566 3426 ,·
580 3341 638 3430 qui
657 3341 760 3407 etiam
775 3365 875 3407 casus
894 3341 1013 3408 recidit
1031 3342 1067 3407 in
1087 3341 1293 3429 superiores;

170 3461 251 3520 tunc
275 3454 366 3519 enim
391 3455 554 3521 deficiunt
584 3455 750 3537 ecelesiae,
784 3479 852 3521 non
883 3456 1022 3544 quidem
1051 3455 1209 3543 physice,
1236 3454 1296 3518 sed

171 3568 358 3652 moraliter,
393 3576 562 3658 quatenus
592 3593 660 3634 non
688 3577 833 3658 possunt
863 3569 936 3634 fieri
966 3569 1001 3634 in
1034 3567 1192 3649 ecclesia,
1224 3567 1295 3631 sine

170 3704 295 3769 magno
315 3683 528 3771 contagionis
547 3682 709 3772 periculo,
731 3706 862 3770 magnae
883 3682 1060 3778 hominum
1079 3680 1296 3746 coadunatio-

169 3817 242 3861 nes.
260 3794 418 3874 -Quod
436 3797 527 3863 idem
546 3796 691 3862 dixerim
710 3796 752 3861 de
771 3803 923 3886 tempore
942 3802 1173 3878 terraemotuS,
1195 3795 1296 3860 inun-

172 3909 362 3990 dationum,
391 3917 471 3994 etc.,
501 3933 567 3999 quo
594 3911 745 3977 ecclesiae
776 3934 845 3976 non
878 3917 1023 4002 possunt
1051 3933 1167 3976 secure
1192 3909 1292 3991 adiri,

171 4023 250 4112 quia
269 4029 353 4089 tunc
372 4025 477 4090 etiam
496 4024 658 4091 deficiunt
678 4026 865 4091 moraliter.

115 4117 119 4125 ¹
213 4139 248 4203 d.
272 4135 311 4202 ln
330 4161 412 4204 easu
431 4139 579 4224 itineris,
602 4139 738 4228 quanm
757 4162 879 4228 nempe
903 4145 956 4205 sat
975 4137 1075 4205 multi
1094 4137 1297 4204 itinerantur

170 4250 204 4316 in
223 4251 324 4334 locis,
347 4252 382 4318 in
402 4251 525 4342 quibus
545 4275 614 4318 non
633 4259 714 4319 sunt
737 4252 900 4320 ecclesia.
924 4253 989 4334 Qui
1013 4277 1112 4320 casus
1136 4273 1296 4341 expresse
