3180 5024
305 506 359 560 210
791 500 834 550 nr
853 497 953 548 mssa

305 652 374 716 sint
400 647 523 714 habere
552 645 746 734 hujusmodi
781 643 920 724 calices3
947 641 1027 730 quia
1052 663 1174 728 nempe
1201 639 1269 704 tale
1290 645 1342 703 est
1358 638 1432 724 jus,

304 765 383 828 licet
403 760 718 838 extraordinarium,
742 781 805 822 nec
825 757 933 822 relata
957 755 1090 820 rubrica
1114 755 1220 819 ullam
1240 752 1434 840 hujusmodi

304 876 449 942 licentia·
476 875 555 939 lacit
575 873 800 951 mentionem3
822 909 865 919 -
885 869 917 936 3.
941 871 1013 936 Nec
1037 870 1139 936 refert
1159 868 1251 956 quod
1274 873 1436 954 petantur

302 999 339 1058 et
357 989 586 1055 concedantur
612 987 761 1070 indulta,
783 991 823 1052 ut
845 985 980 1073 possint
1003 983 1120 1049 haberi
1138 982 1336 1069 hujusmodi
1356 980 1435 1046 oali·

304 1108 395 1184 ces¹;
419 1126 497 1168 nam
513 1103 585 1168 hmo
605 1100 736 1166 indulta
757 1123 845 1187 saepe
865 1099 1098 1164 conceduntur
1121 1099 1165 1162 ad
1179 1096 1359 1178 cautelam,
1374 1118 1434 1182 pro

301 1241 384 1284 casu
404 1239 525 1304 nempe
549 1239 616 1304 quo
641 1220 822 1303 paupertas
849 1221 908 1278 aut
932 1211 1118 1279 necessitas
1138 1233 1206 1275 non
1227 1217 1331 1274 tantae
1351 1209 1430 1283 sint,

304 1317 476 1399 utstatim
502 1337 535 1396 et
559 1329 649 1394 clare
668 1328 765 1393 locus
785 1328 830 1392 sit
849 1327 997 1415 praefatu
1022 1325 1173 1391 rubricae.
1200 1324 1299 1390 Unde
1324 1323 1433 1390 Bene·

301 1447 414 1512 dictus
429 1444 519 1526 XlV,
537 1442 630 1508 bulla
645 1443 808 1527 Imposito
822 1441 934 1524 nobis,
951 1439 993 1504 29
1010 1439 1122 1504 martii
1140 1439 1237 1520 1751,
1254 1443 1271 1520 ιζ
1287 1439 1306 1504 3
1321 1441 1344 1516 ²,
1363 1437 1430 1500 ait:

304 1589 320 1618 a
353 1558 450 1636 Quod
482 1557 604 1622 attinet
633 1557 675 1620 ad
706 1555 828 1620 calices
857 1563 1075 1633 stanneos...,
1110 1553 1245 1618 nullum
1277 1551 1433 1637 qenerale

300 1673 472 1736 decretum
487 1671 645 1757 proferri
664 1677 775 1755 potest
800 1691 868 1754 quo
892 1669 943 1732 ool
968 1667 1066 1732 hodie
1085 1667 1226 1732 vetitum
1244 1667 1289 1730 sit
1309 1665 1433 1750 hujus-

302 1786 394 1851 modi
413 1785 573 1850 calicibus
592 1807 608 1847 e
631 1795 752 1848 stanno
776 1783 937 1868 consectis
957 1782 990 1846 ἰη
1013 1783 1112 1846 musa
1135 1781 1201 1864 uti,
1223 1781 1252 1844 si
1272 1778 1434 1844 ecclesia·

303 1923 377 1964 rum
401 1899 456 1965 vel
481 1898 695 1964 sacerdotum
714 1903 897 1985 paupertas
917 1902 1011 1960 tanta
1035 1895 1095 1976 sit,
1113 1903 1152 1960 ut
1174 1894 1314 1982 majoris
1333 1892 1434 1981 pretii

300 2037 382 2080 vasa
393 2013 580 2101 comparari
594 2016 776 2098 nequeant.
792 2037 807 2070 ιι
824 2009 874 2074 Ita
888 2010 990 2075 etiam
1003 2009 1135 2091 Quarti,
1148 2010 1190 2074 de
1202 2008 1322 2089 Herdt,
1334 2007 1431 2086 etc.³;

301 2167 345 2176 -
358 2129 389 2192 l.
413 2127 507 2191 Licet
527 2133 639 2190 autem
659 2125 753 2190 nulla
773 2125 871 2189 venia
892 2125 1082 2212 requiratur
1101 2124 1142 2188 ad
1162 2122 1339 2188 habendos
1354 2121 1433 2187 cali-

300 2263 357 2306 ces
373 2246 545 2318 stanneos,
568 2244 718 2302 attamen
740 2237 944 2326 Episcopus,
966 2237 1036 2326 qui,
1058 2237 1093 2301 in
1114 2260 1208 2302 sacra
1227 2237 1432 2302 Visitatione

302 2351 357 2418 vel
370 2359 477 2431 extra,
496 2349 690 2437 hujusmodi
709 2353 832 2416 calices
851 2351 1121 2440 deprehenderit,
1144 2351 1312 2438 inquirere
1331 2349 1431 2416 debe

301 2464 367 2546 bit,
396 2486 479 2528 num
505 2461 677 2529 sufficiens
704 2464 749 2528 sit
778 2465 978 2546 necessitaS,
1006 2471 1045 2530 ut
1071 2464 1166 2530 locus
1191 2465 1235 2528 sit
1266 2465 1344 2530 huic
1362 2464 1431 2552 juri

301 2576 582 2644 extraordinario.
609 2615 653 2624 -
677 2577 777 2642 Ratio
802 2584 916 2644 autem
937 2601 1007 2658 cur,
1029 2577 1082 2642 his
1101 2578 1136 2642 in
1156 2577 1343 2666 adjunctis,
1361 2577 1431 2642 lici-

223 2695 225 2700 ’
301 2699 356 2757 tus
372 2692 417 2758 sit
436 2691 525 2756 calix
545 2713 586 2756 ex
607 2697 728 2755 stanno
749 2692 832 2773 (etsi
853 2692 922 2756 herc
938 2692 1078 2757 materia
1094 2715 1163 2756 non
1178 2700 1231 2758 est
1250 2691 1427 2780 pretiosa),

300 2813 365 2886 cst,
402 2815 475 2871 tum
501 2805 579 2894 quia
609 2811 769 2870 stannum
802 2828 870 2870 non
896 2813 949 2870 est
978 2829 1155 2893 porosum,
1189 2806 1280 2870 illius
1310 2827 1430 2894 nempe

301 2921 495 3008 porositatis
515 2921 679 2984 continua
708 2942 783 3008 quae
812 2920 950 2984 inducat
976 2919 1163 3007 periculum
1191 2920 1428 3002 imbibilionis,

302 3039 374 3100 tum
394 3033 472 3121 quia
489 3041 648 3099 stannum
668 3055 736 3097 non
756 3039 808 3098 est
831 3033 1015 3098 obnoxium
1039 3033 1196 3120 aerugini,
1219 3035 1306 3098 sicut
1320 3033 1429 3122 plum-

302 3147 395 3228 bum,
411 3170 469 3228 as,
488 3155 567 3228 etc,
585 3153 658 3211 tum
674 3147 753 3236 quia
768 3155 821 3212 cst
836 3155 888 3213 sat
903 3146 1061 3228 solidum,
1078 3148 1284 3236 minimeque
1299 3147 1428 3234 fragile,

303 3267 340 3324 ut
359 3259 496 3324 vitrum.
514 3259 745 3348 -Quidquid
765 3260 799 3324 id
818 3267 880 3341 est,
903 3283 971 3326 non
991 3267 1042 3327 est
1061 3259 1203 3326 dubium
1222 3261 1305 3350 quin
1325 3261 1430 3349 possit

301 3371 541 3460 episcopusin
571 3397 631 3438 sua
660 3375 797 3440 dioecesi
826 3373 1003 3462 prohibere
1027 3381 1188 3440 stanneos
1214 3375 1354 3456 calices,
1380 3397 1430 3440 re-

302 3483 436 3552 serv'ata
469 3485 533 3551 sibi
568 3495 735 3574 potestate
769 3487 987 3576 dispensandi
1019 3489 1053 3553 in
1089 3489 1152 3553 hoc
1189 3497 1334 3570 statuto;
1366 3488 1431 3554 talc

335 3673 343 3706 ¹
361 3671 405 3721 Sic
425 3673 588 3722 Benedictus
605 3673 668 3721 XIV
686 3674 821 3722 concessit
843 3674 998 3736 hujusmodi
1018 3675 1136 3732 indulta,
1160 3679 1218 3724 tum
1238 3673 1430 3724 italo-Graccis

301 3753 392 3815 (bulla
404 3753 464 3802 Etsi
476 3752 634 3817 pastoralis,
648 3757 677 3800 ιδ
692 3753 754 3801 maii
770 3757 839 3810 litu,
858 3757 869 3810 ,ε
884 3759 912 3811 6,
928 3769 953 3801 ιι.
970 3759 1008 3808 20.
1024 3755 1096 3804 Butt.
1114 3755 1222 3812 Bened„
1240 3759 1259 3804 ι.
1277 3771 1296 3814 ι,
1314 3772 1340 3804 ιι.
1356 3755 1429 3818 mn),

302 3835 360 3882 tum
378 3833 546 3896 presbyteris
564 3833 673 3882 Potonis
692 3834 719 3881 in
736 3833 832 3882 Russia
848 3833 937 3895 (bulla
950 3833 1079 3898 Imposito
1095 3835 1185 3894 nobis,
1206 3841 1237 3884 29
1252 3836 1341 3886 martii
1358 3841 1429 3890 1751.

303 3917 314 3970 ᾖ
330 3917 352 3972 Β,
369 3911 442 3960 Ball.
459 3912 563 3970 bened„
581 3915 599 3962 t.
614 3929 654 3969 in,
671 3929 697 3960 ιι.
711 3915 794 3978 xuni).
813 3941 839 3948 -
856 3912 900 3961 Sic
915 3914 996 3962 etiem
1012 3913 1038 3963 S.
1053 3915 1149 3978 Congr.
1163 3917 1196 3963 de
1213 3914 1293 3978 Prop.
1308 3916 1372 3965 Fide
1385 3918 1431 3966 hu-

298 3993 419 4055 jusmodi
436 3993 539 4043 indulta
549 3993 675 4042 concedit
687 3993 831 4056 aliquando
843 3991 1031 4054 inissionariis;
1043 3995 1081 4044 ita
1095 3996 1243 4054 concessit,
1254 3999 1285 4044 16
1291 3997 1348 4059 jan.
1361 4001 1429 4048 1797.

303 4088 353 4134 pro
366 4072 426 4122 Vic.
440 4089 483 4136 ap.
500 4073 650 4128 Sutcliucn,
666 4073 834 4122 Collectanea
851 4071 877 4120 S.
894 4073 991 4136 Congr.
1003 4074 1036 4123 dc
1052 4073 1131 4138 Prop.
1149 4075 1226 4135 Fide,
1239 4075 1346 4134 Romae,
1363 4081 1429 4133 189³,

304 4168 329 4199 n.
346 4155 405 4212 851,
422 4169 448 4216 p.
465 4159 519 4201 309.

336 4233 347 4264 ²
365 4231 436 4280 Bull.
453 4233 562 4290 Bened„
579 4237 596 4282 t.
614 4249 655 4290 ιιι,
672 4249 697 4280 ιι.
715 4249 783 4282 xuni.

336 4311 346 4344 ³
364 4311 422 4358 Loc.
439 4311 485 4360 cit.
