3174 5046
306 525 344 578 34
790 525 833 574 DE
853 525 951 576 lllSSA

308 681 406 738 tum:
434 669 522 734 «An
542 669 577 734 in
598 667 679 734 seria
698 669 729 732 V
748 669 782 733 in
804 667 909 734 Coena
930 669 1067 734 Domini
1091 667 1255 735 celebrari
1274 671 1387 758 possit
1407 671 1445 736 in

303 784 448 850 ecclesia
488 806 553 848 una
596 783 696 848 missa
729 784 866 869 private
898 791 1046 870 propter
1084 785 1256 869 infirmos,
1296 792 1444 872 excepta

304 897 474 962 solemni?
495 925 510 958 ι)
531 919 733 984 responsum
752 903 829 962 est:
858 897 1046 962 «Arbitrio
1066 897 1248 986 episcopi¹.
1273 927 1288 959 n
1311 898 1443 963 Verum

307 1013 378 1076 haec
411 1011 586 1099 responsio
619 1011 661 1076 ad
693 1010 712 1076 9
746 1010 872 1076 omissa
904 1011 969 1076 fuit
993 1011 1027 1076 in
1062 1011 1220 1076 Editione
1249 1012 1443 1077 novissima

303 1125 376 1214 (an.
391 1125 490 1216 1898)
507 1125 720 1190 decretorum
734 1123 768 1190 S.
781 1125 850 1190 Rit.
869 1123 1027 1214 Congr.²,
1043 1132 1076 1191 et
1087 1125 1163 1190 ideo
1177 1148 1246 1190 non
1266 1125 1365 1191 deest
1380 1129 1443 1214 qui

305 1240 396 1307 dicat
415 1240 668 1306 concessionem
693 1246 906 1326 peremptam
926 1261 1000 1304 esse
1012 1241 1035 1304 ³.
1061 1278 1105 1287 —
1129 1239 1207 1304 Non
1227 1247 1299 1305 tam
1319 1263 1442 1306 severe

302 1379 377 1421 rem
400 1378 463 1442 ego
487 1353 730 1434 intellexerim
753 1351 853 1439 juxta
877 1353 969 1418 enim
994 1353 1168 1418 decretum
1192 1353 1271 1418 huic
1294 1353 1441 1420 editioni

302 1469 498 1534 novissimae
520 1466 750 1555 praemissum,
778 1489 844 1554 quo
872 1466 1116 1532 determinatur
1141 1466 1237 1533 valor
1263 1467 1441 1534 collectio-

301 1583 373 1664 nis,
398 1609 413 1640 o
442 1583 583 1672 Decreta
607 1581 782 1669 hucusque
806 1580 982 1667 evulgata,
1009 1581 1044 1645 in
1069 1581 1121 1645 his
1146 1603 1221 1668 quae
1244 1603 1263 1645 a
1289 1581 1439 1646 decretis

302 1695 337 1759 in
358 1695 419 1759 hac
439 1693 639 1759 collectione
664 1694 801 1758 insertis
825 1693 1021 1776 dissonant,
1044 1694 1151 1760 veluti
1176 1693 1339 1782 abrogata
1360 1719 1439 1761 esse

298 1808 482 1874 censenda.
505 1806 603 1872 »Sed
622 1807 796 1872 decretum
815 1829 871 1874 an.
896 1808 981 1874 1773
1002 1831 1070 1872 non
1090 1829 1168 1873 vere
1188 1815 1223 1872 et
1241 1809 1343 1896 plene
1363 1809 1437 1874 dis-

302 1929 402 1989 sonat
430 1946 449 1988 a
478 1921 638 2003 decretis,
665 1943 767 2010 supra
790 1921 924 2003 relatis,
946 1920 1087 1986 missam
1106 1921 1276 2009 privatam
1299 1921 1384 1988 feria
1404 1923 1437 1986 V

300 2037 335 2102 in
361 2035 466 2102 Coena
487 2035 624 2098 Domini
649 2032 923 2122 prohibentibus;
953 2058 1033 2100 nam
1057 2034 1128 2100 haeo
1153 2042 1309 2101 statuunt
1330 2059 1435 2122 repn-

303 2151 382 2232 lam,
405 2147 491 2212 illud
510 2149 736 2234 exceptionem
743 2167 757 2232 ,¹
772 2147 846 2212 aliis
866 2147 995 2230 verbis,
1018 2149 1089 2213 haec
1109 2157 1216 2235 agunt
1236 2149 1277 2215 de
1295 2173 1432 2236 penem,

300 2261 385 2325 illud
402 2261 451 2355 de
474 2261 595 2346 specie,
622 2285 721 2350 porro
747 2289 763 2322 ι(
791 2262 907 2348 generi
930 2285 991 2350 per
1014 2264 1161 2351 speeiem
1187 2263 1370 2350 derogatur
1393 2291 1429 2344 ιι,

300 2381 339 2439 ut
358 2373 423 2438 lert
442 2374 559 2460 regula
578 2376 619 2441 34
639 2375 729 2440 luris
749 2376 784 2440 in
804 2375 862 2441 Vl.
885 2375 1034 2440 Aliunde
1053 2397 1156 2462 grave
1176 2383 1267 2441 esset
1286 2375 1432 2452 infirmis

299 2490 363 2553 hac
388 2510 481 2552 sacra
505 2487 560 2552 die
579 2495 638 2553 aut
658 2489 825 2577 spirituali
845 2511 957 2553 carere
982 2488 1165 2570 medicina,
1188 2498 1247 2554 aut
1272 2489 1431 2555 tardioris

300 2603 532 2692 longiorisque
553 2602 665 2666 missae
685 2610 880 2690 exspectare
900 2603 1029 2670 horam.

344 2799 413 2871 16.
439 2841 482 2850 —-
508 2799 724 2870 Sabbatum
748 2805 942 2868 sanctum.
971 2837 1015 2847 -
1044 2799 1125 2864 Haec
1146 2797 1218 2864 dies
1247 2799 1329 2864 olim
1357 2809 1429 2866 erat

298 2939 439 3005 prorsus
463 2916 662 3001 elitnrpica,
689 2923 727 2980 ut
755 2919 890 2978 constat
913 2912 1110 2978 testimonio
1138 2913 1275 3001 (supra,
1303 2937 1337 2978 n.
1362 2915 1427 2996 14,

300 3029 461 3118 allegato)
479 3028 667 3094 Innocentii
684 3027 714 3108 l,
733 3027 790 3115 qui
806 3027 923 3092 leriam
938 3027 986 3094 Vl
1001 3027 1037 3092 in
1053 3027 1239 3092 parasceve
1255 3035 1290 3093 et
1309 3027 1430 3095 sabba·

302 3153 374 3209 tum
394 3149 550 3208 sanctum
569 3143 604 3206 in
624 3141 743 3206 eodem
763 3140 870 3227 gradu
893 3141 1005 3229 ponit,
1028 3142 1140 3230 quoad
1163 3141 1430 3231 prohibitionem

296 3255 510 3336 celebrandi,
539 3255 692 3343 hancque
723 3253 985 3343 prohibitionem
1017 3255 1119 3320 refert
1143 3256 1186 3320 ad
1211 3258 1430 3344 traditionem

302 3368 467 3433 Ecclesia.
497 3368 539 3434 Et
570 3391 649 3433 vero
684 3369 787 3434 missa
820 3392 895 3457 quae
929 3367 1028 3432 hodie
1062 3368 1253 3436 celebratur
1285 3369 1429 3437 sabbato

301 3489 419 3548 sancto
453 3489 530 3547 atsto
562 3483 738 3546 meridiem
771 3489 823 3548 est
859 3482 951 3570 prior
988 3505 1006 3546 e
1044 3481 1177 3548 duobus
1214 3485 1328 3550 missis
1362 3485 1431 3551 diei

301 3595 492 3678 PaschatiS,
522 3620 596 3684 quar
624 3595 705 3660 olim
731 3603 809 3685 post
834 3596 981 3662 mediam
1007 3604 1143 3662 noctem
1155 3599 1177 3680 ⁴,
1205 3598 1321 3687 elapso
1349 3599 1429 3664 sab-

334 3786 340 3818 ¹
358 3784 518 3843 Gardellini‚
535 3785 576 3832 cd.
594 3787 667 3842 1825,
684 3797 709 3829 n.
724 3785 798 3840 lm,
815 3785 833 3830 t.
849 3796 874 3839 v,
891 3797 917 3843 p.
931 3787 1024 3830 73-75.

332 3865 342 3898 ²
357 3863 469 3913 Decreta
483 3861 651 3919 anthentica,
667 3876 692 3908 n.
709 3863 783 3920 2494,
798 3863 817 3910 t.
833 3876 864 3920 ιι,
881 3875 907 3924 p.
923 3865 977 3910 let.

331 3947 341 3978 ³
356 3944 400 3993 Sic
416 3943 546 4002 Gonnori,
563 3943 611 3991 loc.
624 3941 669 3990 cit.

331 4026 340 4056 ⁴
357 4023 397 4072 Cs.
413 4023 556 4078 Mutrillom
573 4021 604 4069 In
621 4019 746 4068 ordinem
762 4035 903 4068 romanum
922 4019 1134 4068 commentarios
1145 4019 1278 4082 praevius,
1297 4035 1323 4069 n.
1340 4027 1383 4082 15,
1399 4023 1428 4070 in

297 4103 397 4153 Musaeo
412 4102 516 4160 italico,
529 4105 547 4150 t.
564 4116 595 4157 ιι,
611 4115 638 4162 p.
652 4115 736 4158 xnvn,
749 4099 791 4146 vel
804 4099 874 4160 apud
891 4099 994 4161 lligne,
1006 4099 1036 4148 P.
1054 4099 1091 4158 L„
1105 4103 1123 4148 t.
1136 4115 1246 4160 nxxrrn,
1258 4101 1310 4149 col.
1329 4107 1383 4150 906.
1395 4127 1427 4138 -

300 4185 367 4233 Duce
382 4186 471 4232 autem
488 4183 563 4229 orant
578 4181 668 4228 missae
683 4180 725 4227 die
740 4178 890 4241 paschatis,
906 4194 959 4228 una
974 4180 1008 4228 dc
1023 4183 1115 4236 nocto,
1132 4180 1216 4228 altera
1231 4180 1264 4230 de
1279 4181 1324 4230 die
1339 4181 1428 4246 (llor-

299 4265 374 4320 ttno,
393 4263 430 4311 De
449 4257 572 4322 antiquis
589 4259 715 4309 Ecclesiae
736 4257 848 4316 ritibus,
869 4259 916 4306 lib.
937 4259 960 4318 l,
977 4275 1002 4308 c.
1023 4275 1063 4318 ιιι,
1080 4261 1129 4320 nrt.
1146 4265 1173 4318 3,
1192 4275 1217 4307 n.
1239 4260 1276 4323 9).
1291 4261 1427 4324 Tempore

299 4342 331 4390 D.
346 4342 469 4398 litorum,
483 4339 558 4402 prior
572 4341 666 4400 missa,
683 4353 778 4401 nompc
791 4339 824 4386 de
840 4343 933 4398 nocto,
946 4339 1002 4402 jam
1019 4339 1159 4401 anticipari
1175 4343 1283 4402 poterat
1299 4342 1333 4388 ad
1349 4341 1426 4390 initia
