3224 5044
336 478 386 531 174
568 531 570 536 ,
818 477 862 530 DE
881 477 978 532 ulssn

333 632 367 690 et
386 624 558 712 parochis,
581 623 692 688 locum
711 621 837 710 pariter
855 621 978 688 habeat
1003 622 1036 686 in
1062 621 1182 687 iisdem
1201 623 1359 711 personis
1380 623 1468 688 ritus

333 737 518 803 orientalis.

378 877 394 910 «
418 851 594 930 Quatenus
614 849 833 930 affirmative,

379 993 395 1024 (ι
417 965 450 1030 2.
468 963 537 1046 An,
554 964 666 1052 quoad
681 963 811 1029 dierum
825 965 1154 1046 determinationem,
1172 965 1300 1030 servari
1316 963 1466 1030 debeant

332 1080 426 1168 leges
445 1086 479 1145 et
498 1078 761 1143 consuetudines
783 1078 1018 1162 rationabileS,
1047 1102 1122 1167 quae
1149 1079 1263 1165 vigere
1290 1079 1467 1166 reperian-

332 1196 434 1260 turin
454 1192 624 1282 aliquibus
643 1192 845 1258 dioecesibus
865 1192 1015 1280 ejusdem
1034 1193 1131 1258 ritus.

379 1337 395 1370 κ
419 1310 450 1376 3.
477 1309 550 1390 An,
572 1307 607 1372 in
634 1307 767 1372 delectu
795 1307 915 1373 talium
943 1307 1057 1394 legum
1089 1315 1124 1372 et
1154 1307 1461 1387 consuetudinum,

333 1423 498 1512 ejusmodi
518 1423 648 1487 dierum
674 1421 910 1486 determinatio
938 1421 1010 1486 lieri
1035 1420 1157 1487 debeat
1179 1421 1279 1508 juxta
1305 1443 1463 1486 normam

331 1545 366 1602 et
384 1538 552 1622 integram
571 1534 806 1600 extensionem
825 1534 940 1623 legum
959 1534 1232 1602 occidentalium.

377 1677 392 1710 κ
421 1649 452 1714 l.
475 1649 548 1729 An,
579 1647 622 1713 ob
653 1672 775 1735 graves
805 1649 953 1714 rationes
984 1655 1018 1714 et
1044 1648 1331 1729 circumstantias,
1365 1648 1463 1713 locus

332 1761 403 1828 lieri
426 1761 535 1850 possit
560 1761 660 1827 alicui
685 1761 873 1826 reductioni
898 1762 1045 1843 dierum,
1067 1761 1125 1849 qui
1148 1761 1367 1826 determinati
1392 1762 1463 1826 sint

332 1901 351 1942 a
384 1875 517 1962 legibus
550 1875 834 1958 occidentalibuS,
862 1881 896 1942 et
929 1875 1080 1940 deveniri
1112 1875 1214 1942 etiam
1246 1873 1289 1940 ad
1317 1875 1462 1939 totalem

331 1991 635 2080 dispensationem,
668 1987 875 2076 obligatione
907 1997 1022 2054 tamen
1057 1988 1209 2075 injuncta
1247 1988 1366 2053 orandi
1399 2011 1461 2076 pro

330 2106 456 2194 populo
494 2105 528 2168 in
553 2103 673 2168 iisdem
697 2104 812 2168 missis
840 2127 914 2193 quie
939 2103 1100 2192 applicari
1124 2127 1184 2190 pro
1210 2103 1329 2168 eodem
1359 2101 1461 2167 debe-

331 2226 419 2282 rent.
445 2246 460 2277 u

376 2358 392 2390 «
421 2330 459 2394 ln
486 2330 632 2395 comitiis
663 2329 788 2396 habitis
819 2331 873 2396 die
906 2331 948 2397 23
980 2331 1092 2396 martii
1124 2329 1225 2412 1863,
1252 2329 1461 2417 respondere

330 2445 488 2530 censuit:

376 2585 391 2618 u
416 2557 471 2623 Ad
492 2561 522 2624 l.
545 2557 773 2624 Affirmatlve.

377 2699 392 2732 α
415 2672 471 2736 Ad
491 2671 523 2737 2.
546 2672 772 2738 Allirmative.

378 2817 393 2848 u
415 2787 471 2853 Ad
491 2788 523 2854 3.
547 2787 726 2873 Negallve.

376 2929 390 2962 «
415 2901 470 2966 Ad
486 2901 518 2966 l.
538 2900 715 2965 Provisum
736 2901 770 2964 in
790 2901 890 2965 tertio
910 2907 944 2965 et
967 2899 1012 2964 acl
1036 2911 1192 2966 mentem.
1218 2901 1318 2967 Mens
1343 2909 1460 2966 autem

331 3017 365 3081 S.
388 3015 514 3102 Congr.
537 3013 601 3080 fuit
620 3015 727 3102 quod,
750 3014 936 3079 secundum
955 3013 1260 3102 opportunitatem,
1278 3015 1461 3105 Episcopis

328 3129 503 3193 orientalis
523 3129 683 3194 Ecclesiae
703 3128 928 3193 inculcaretur
948 3127 1128 3216 obligatio,
1150 3152 1217 3217 qua
1240 3130 1343 3194 etiam
1363 3131 1399 3195 in
1420 3153 1459 3196 ea

330 3241 507 3330 (ecclesia)
528 3249 712 3328 gravantur
731 3242 919 3307 animarum
938 3251 1108 3330 pastores,
1131 3243 1324 3332 applicandi
1343 3243 1459 3332 aliqua

328 3355 401 3420 vice
421 3378 482 3443 pro
505 3355 647 3442 populo;
670 3363 722 3438 et,
745 3357 838 3420 ineo
860 3357 952 3443 quod
976 3357 1019 3422 ad
1041 3357 1361 3423 determinationem
1382 3381 1458 3446 spe-

328 3467 397 3525 ctat
430 3459 578 3540 dierum,
614 3461 733 3526 iisdem
765 3467 990 3550 exponeretur
1022 3462 1202 3552 disciplina
1235 3462 1459 3528 occidentalis

329 3575 504 3656 Ecclesiae,
537 3580 575 3640 ut
608 3597 648 3640 ex
680 3597 718 3641 ea
749 3599 902 3642 normam
933 3576 1081 3642 babeant
1113 3577 1157 3642 ad
1185 3575 1457 3662 dignoscendum

327 3713 434 3778 usque
455 3691 593 3756 dumea
614 3690 793 3754 convenire
817 3698 933 3778 posset
957 3691 990 3755 in
1011 3691 1207 3757 eorumdem
1233 3689 1453 3772 dioeeesibuS,

327 3810 378 3886 et,
414 3826 627 3892 quocumque
662 3803 695 3867 in
724 3827 821 3884 casu,
852 3803 894 3868 ad
928 3805 1185 3894 proponendum
1217 3805 1252 3870 S.
1287 3804 1365 3870 Sedi
1398 3827 1455 3868 eas

327 3917 593 4001 moderationes,
616 3941 700 4005 quas
719 3917 926 3982 necessarias
944 3917 1096 4006 putaturi
1114 3926 1230 3984 essent
1243 3923 1263 3983 ¹.
1295 3947 1309 3978 o

371 4032 404 4094 2ο
425 4031 529 4114 Hinc,
551 4039 589 4097 ut
609 4031 752 4097 satisliat
772 4031 850 4096 huic
870 4033 990 4116 menti,
1012 4032 1131 4098 eadem
1150 4033 1186 4099 S.
1210 4033 1336 4116 Congr.
1361 4033 1454 4098 misit

357 4207 365 4240 ¹
383 4207 567 4258 conciliorum
583 4207 693 4256 Collect.
709 4208 848 4267 Lucensis,
869 4211 888 4256 t.
905 4223 935 4267 u,
952 4208 1003 4257 col.
1020 4213 1072 4256 560.
1092 4235 1121 4246 -
1138 4209 1237 4258 Videas
1258 4213 1362 4259 textum
1383 4212 1454 4260 itall-

325 4301 386 4334 cum
402 4288 428 4335 in
445 4289 613 4338 Collectanen
630 4289 656 4338 S.
672 4289 768 4352 Congr.
784 4290 818 4337 de
834 4289 913 4351 Prop.
930 4288 1006 4341 Fide.
1024 4303 1048 4336 n.
1066 4293 1124 4348 20³,
1140 4305 1167 4352 p.
1185 4295 1222 4338 77.
