3174 5046
420 537 480 590 'DE
499 540 582 591 LOCO
601 541 859 592 CELEBRATlONlS
880 542 987 593 lllSSAE
1256 544 1272 596 5

146 682 311 762 plerosque
338 683 523 742 christianos
548 684 714 764 principes.
742 685 792 744 Sic
818 693 1001 766 supponunt
1029 693 1083 746 aut
1110 696 1272 768 exponunt

146 787 243 846 multa
259 787 402 858 concilia,
416 809 445 848 v.
459 806 501 866 g.:
515 787 749 866 Moguntinum,
762 810 812 850 an.
824 789 893 864 743,
904 812 971 850 can.
985 793 1014 864 2,
1029 791 1113 872 quod
1131 792 1272 872 praecipit

144 891 269 950 clericis
280 912 318 950 ne
337 892 528 952 comitentur
546 893 717 967 exercitus,
736 921 748 946 ιι
766 895 823 953 nisi
840 893 900 954 illis
918 903 1053 973 tantum,
1070 897 1123 977 qui
1144 905 1273 978 propter

144 996 250 1055 divina
266 997 423 1078 mysteria,
439 996 608 1058 missarum
624 999 741 1058 scilicet
756 997 910 1060 solemnia
923 999 1140 1081 adimplenda,
1158 1009 1188 1062 et
1203 1023 1272 1062 san-

144 1108 266 1160 ctorum
282 1103 453 1182 patrocinia
469 1102 649 1184 (reliquias)
665 1103 834 1182 portanda,
849 1104 888 1164 ad
905 1105 964 1164 hoc
979 1106 1069 1166 electi
1085 1113 1158 1166 sunt
1170 1108 1191 1166 ¹.
1207 1131 1220 1162 ι)
1233 1143 1271 1164 -.

144 1205 234 1274 Quod
251 1207 414 1267 confirmat
430 1207 596 1267 concilium
613 1209 806 1288 Liptinense,
824 1209 893 1269 eod.
911 1230 961 1269 an.
978 1210 1052 1282 743,
1070 1232 1137 1272 can.
1157 1212 1203 1270 1².

183 1311 215 1370 3⁰
228 1312 267 1370 ln
288 1311 436 1372 domibus
450 1321 505 1372 aut
524 1311 682 1372 cubiculis
703 1311 920 1394 infirmorum,
938 1315 1084 1396 frequens
1104 1316 1196 1376 etiam
1214 1315 1272 1375 luit

143 1438 217 1476 usus
233 1416 409 1478 celebrandi
425 1419 561 1478 missam.
579 1455 618 1460 -—
633 1417 731 1499 Cujus
752 1419 794 1478 rei
815 1419 1038 1500 amplissimum
1058 1421 1270 1481 testimonium

143 1521 285 1602 praebent
314 1523 402 1604 plura
430 1522 689 1584 Sacramentaria
714 1525 855 1604 antiqua,
882 1525 1048 1605 inquibus
1072 1526 1271 1606 reperiuntur

142 1621 244 1690 missae
260 1649 329 1709 quar
349 1629 410 1708 legi
425 1628 559 1688 debeant
580 1629 610 1687 in
626 1629 700 1710 ipsis
716 1629 861 1689 domibus
881 1629 1087 1690 intirmorum.
1105 1631 1171 1704 Sic,
1189 1631 1271 1690 inter

142 1731 217 1804 alia,
239 1733 270 1791 in
292 1732 390 1794 Libro
411 1741 682 1818 sacramentorum
707 1735 888 1794 monasterii
913 1735 1115 1795 Moisacensis
1136 1736 1270 1817 (sarculo

141 1836 266 1896 circiter
289 1838 383 1919 rnr)³
413 1840 566 1920 reperitur
591 1865 605 1894 a
629 1839 724 1900 Missa
749 1861 806 1920 pro
831 1840 954 1899 infirmo
977 1866 990 1892 u
1019 1840 1051 1899 in
1082 1839 1150 1920 ipsa
1178 1840 1270 1900 domo

143 1941 268 2023 infirmi
280 1943 477 2022 celebranda,
495 1953 529 2006 ut
544 1954 666 2007 constat
682 1947 747 2026 ipsa
764 1945 903 2008 Collecta
919 1965 928 2006 :
947 1974 959 2002 u
1023 1947 1149 2006 Mittere
1165 1947 1270 2025 digne-

141 2048 183 2106 ris
204 2055 345 2109 sanctuni
361 2050 505 2128 angelum
527 2059 630 2126 tuum,
645 2051 698 2132 qui
715 2051 866 2110 famulum
888 2059 974 2110 tuum
992 2048 1040 2110 ill.
1057 2051 1087 2108 in
1103 2050 1161 2111 bac
1178 2049 1270 2112 ‹lomo

140 2153 375 2230 consistentem,
388 2163 461 2228 otc,
476 2180 490 2209 ιι
504 2163 534 2214 et
545 2155 612 2214 aliis
623 2155 763 2236 ejusdem
774 2156 875 2214 missae
886 2154 1040 2236 precibus.
1056 2155 1122 2216 lnro
1136 2163 1198 2215 tam
1210 2155 1269 2215 sre-

140 2277 240 2338 quens
271 2259 330 2318 luit
360 2281 433 2319 usus
454 2261 555 2319 misere
582 2261 612 2318 in
634 2259 778 2320 domibus
799 2261 1009 2332 infirmorum,
1032 2261 1116 2320 utin
1137 2260 1268 2320 abusum

140 2361 317 2436 devenerit,
335 2371 365 2423 et
381 2363 544 2444 Episcopi,
560 2365 675 2424 surculo
688 2387 728 2438 rx,
747 2365 846 2425 missae
863 2387 943 2424 verre
962 2365 1181 2426 substituerint
1197 2365 1269 2425 mis-

140 2487 204 2526 sam
218 2466 333 2528 siccam
350 2469 398 2543 (id
416 2477 472 2542 est,
490 2469 555 2528 sino
571 2471 823 2547 consecratione)
835 2489 842 2544 ;
855 2470 948 2550 hujus
964 2471 1064 2530 missac
1081 2471 1170 2530 siccae
1183 2469 1268 2530 ordi-

141 2593 210 2632 nem
236 2571 384 2633 describit
399 2573 541 2634 Martene
557 2595 594 2634 ex
610 2575 822 2655 manuscripto
839 2575 943 2634 saeculi
959 2595 987 2633 rx
999 2575 1021 2636 ⁴.

179 2676 211 2734 4⁰
228 2677 263 2735 ln
286 2677 455 2738 itineribus
478 2679 594 2759 pariter
616 2678 762 2760 frequens
783 2681 842 2738 luit
865 2700 940 2739 usus
956 2679 1150 2739 celebranda
1166 2681 1267 2740 missae

140 2781 170 2840 in
186 2781 275 2841 altari
293 2783 441 2863 portatili.
458 2783 601 2862 Allegare
617 2784 769 2843 sulliciat:
792 2805 821 2844 a.
835 2783 1010 2844 Concilium
1033 2784 1204 2844 Parisiense
1224 2786 1252 2842 V
1255 2785 1266 2843 l

139 2891 207 2958 (an.
225 2889 313 2962 829),
330 2889 413 2968 quod
431 2888 576 2969 prohibet
597 2909 635 2948 ne
656 2889 747 2948 missa
763 2888 938 2948 celebretur
957 2889 988 2946 in
1005 2889 1149 2947 domibus
1165 2897 1219 2948 aut
1233 2890 1265 2948 in

127 2983 254 3064 borne,
278 3019 291 3044 ιι
310 3001 440 3073 excepto
456 2993 581 3074 quando
603 2991 635 3052 in
660 2991 773 3052 itinere
787 2990 953 3075 perpitur,
975 2999 1006 3051 et
1026 2993 1112 3050 locus
1133 2993 1266 3052 basilicae

139 3095 248 3175 procul
277 3105 339 3169 est,
438 3118 474 3156 ne
504 3097 640 3178 populus
670 3098 727 3156 Dei
760 3097 826 3156 sine
860 3097 1022 3156 missarum
1056 3097 1265 3158 celebratione

138 3200 294 3260 nianeat⁵.
315 3226 329 3255 u
351 3237 388 3244 —-
410 3199 440 3260 b.
463 3201 639 3261 Concilium
659 3201 881 3281 bloguntinunr
896 3207 963 3275 (an.
986 3203 1074 3276 888),
1091 3202 1175 3282 quod
1196 3203 1263 3263 ait:

140 3331 154 3358 a
171 3302 209 3364 In
231 3304 344 3366 itinere
364 3327 439 3364 vero
453 3302 585 3386 positis,
608 3307 633 3364 si
653 3306 781 3366 ecclesia
802 3305 953 3380 deluerit,
974 3305 1032 3366 sub
1051 3307 1141 3380 divo,
1159 3323 1213 3366 seu
1233 3307 1263 3366 in

138 3409 295 3484 tentoriis,
309 3409 334 3469 si
351 3409 456 3470 tabula
472 3409 578 3470 altaris
594 3419 789 3482 consecrata,
802 3417 976 3491 caeteraque
990 3411 1160 3471 ministeria
1178 3429 1263 3472 saera

138 3511 176 3572 ad
192 3513 222 3572 id
238 3513 376 3574 officium
393 3515 597 3595 pertinentia,
615 3515 743 3589 adsunt,
761 3515 924 3574 missarum
944 3515 1093 3576 solemnia
1114 3513 1264 3575 celebrari

170 3707 176 3739 ¹
195 3707 294 3766 blansi,
312 3707 448 3767 Concilio,
463 3711 482 3758 t.
499 3723 547 3768 ιιιι,
563 3709 615 3758 eol.
632 3714 685 3756 366.

167 3787 178 3820 ²
194 3786 295 3846 blansi,
313 3787 449 3846 Concilio,
464 3791 483 3837 t.
501 3804 549 3846 ιιιι,
566 3789 617 3837 col.
634 3793 687 3836 ³70.

167 3865 271 3915 ³Edito
285 3868 358 3930 apud
373 3867 509 3927 Martene,
525 3869 563 3916 De
582 3867 705 3933 antiquis
724 3869 796 3918 Ecct.
816 3867 929 3926 ritibus,
951 3867 997 3916 lib.
1016 3867 1039 3924 l,
1060 3883 1083 3916 c.
1101 3882 1150 3928 vn,
1166 3871 1216 3917 art.
1234 3871 1261 3928 t,

137 3945 260 4006 Bassiani,
277 3951 352 4006 1788,
369 3951 388 3996 t.
405 3963 426 4005 ι,
443 3963 469 4010 p.
486 3952 540 3996 ³1⁵.

166 4026 176 4059 ⁴
192 4027 252 4076 Loc.
264 4026 320 4086 cit,
334 4027 381 4076 lib.
398 4027 424 4086 l,
435 4043 459 4077 c.
474 4043 514 4087 nr,
525 4031 574 4077 art.
590 4033 614 4086 1,
628 4044 654 4076 n.
667 4032 709 4087 20,
726 4031 745 4076 t.
760 4043 777 4086 ι,
791 4043 817 4091 ρ.
830 4033 868 4076 96.
885 4055 914 4064 —-
926 4028 964 4076 Cf.
975 4028 1127 4088 Gattioum,
1143 4027 1192 4077 loc.
1204 4027 1260 4086 cit,

135 4121 158 4154 c.
179 4121 264 4165 v1,n.
285 4112 314 4167 8,
333 4123 360 4170 p.
379 4109 438 4168 888,
463 4135 490 4144 -
509 4108 608 4156 bened.
627 4107 700 4166 XIV,
720 4108 758 4156 De
777 4107 912 4170 sacrificio
935 4107 1035 4166 misere,
1056 4110 1122 4156 sect.
1143 4122 1174 4165 ιι,
1195 4111 1260 4167 548,

137 4187 260 4247 Louanii,
277 4192 351 4246 1762,
368 4191 387 4236 t.
405 4201 435 4246 ιι,
452 4203 478 4250 p.
497 4189 592 4236 ‘al-73.

167 4267 278 4316 5(ἶοιιυ.
299 4268 384 4317 Paris.
401 4267 452 4327 Vl,
473 4268 520 4316 lib.
546 4268 571 4324 l,
596 4283 619 4316 c.
642 4281 724 4326 suini,
750 4269 796 4315 lib.
823 4267 874 4320 ΙΙΙ,
896 4285 919 4316 e.
941 4281 983 4328 vr,
1002 4267 1103 4326 blansi,
1124 4266 1258 4327 Concilio,

135 4351 154 4397 t.
171 4363 224 4408 xiv,
239 4349 291 4397 col.
308 4353 366 4407 566,
383 4353 437 4396 597.
