<?xml version="1.0" encoding="UTF-8"?>
<!DOCTYPE html PUBLIC "-//W3C//DTD XHTML 1.0 Transitional//EN"
    "http://www.w3.org/TR/xhtml1/DTD/xhtml1-transitional.dtd">
<html xmlns="http://www.w3.org/1999/xhtml" xml:lang="en" lang="en">
 <head>
  <title>
</title>
<meta http-equiv="Content-Type" content="text/html;charset=utf-8" />
  <meta name='ocr-system' content='tesseract 3.04.00' />
  <meta name='ocr-capabilities' content='ocr_page ocr_carea ocr_par ocr_line ocrx_word'/>
</head>
<body>
  <div class='ocr_page' id='page_1' title='image "./praelectionesde01manygoog_0368.png"; bbox 0 0 3246 5026; ppageno 0'>
   <div class='ocr_carea' id='block_1_1' title="bbox 475 1061 1103 1190">
    <p class='ocr_par' dir='ltr' id='par_1_1' title="bbox 475 1061 1103 1190">
     <span class='ocr_line' id='line_1_1' title="bbox 475 1061 1103 1190; baseline 0.008 -7"><span class='ocrx_word' id='word_1_1' title='bbox 475 1061 1103 1190; x_wconf 82' lang='lat' dir='ltr'><strong>DOCUMENTA</strong></span> 
     </span>
    </p>
   </div>
   <div class='ocr_carea' id='block_1_2' title="bbox 440 2284 1136 2348">
    <p class='ocr_par' dir='ltr' id='par_1_2' title="bbox 440 2284 1136 2348">
     <span class='ocr_line' id='line_1_2' title="bbox 440 2284 1136 2348; baseline -0.001 -1"><span class='ocrx_word' id='word_1_2' title='bbox 440 2284 609 2348; x_wconf 82' lang='lat' dir='ltr'><em>UHBANI</em></span> <span class='ocrx_word' id='word_1_3' title='bbox 634 2284 712 2346; x_wconf 87' lang='lat' dir='ltr'><em>VIII</em></span> <span class='ocrx_word' id='word_1_4' title='bbox 731 2294 761 2346; x_wconf 87' lang='lat' dir='ltr'><strong>et</strong></span> <span class='ocrx_word' id='word_1_5' title='bbox 783 2285 1053 2348; x_wconf 83' lang='lat' dir='ltr'><em>INNOCENTII</em></span> <span class='ocrx_word' id='word_1_6' title='bbox 1072 2286 1136 2348; x_wconf 88' lang='lat' dir='ltr'><strong>XII</strong></span> 
     </span>
    </p>
   </div>
   <div class='ocr_carea' id='block_1_3' title="bbox 344 2413 1226 2582">
    <p class='ocr_par' dir='ltr' id='par_1_3' title="bbox 344 2413 1226 2582">
     <span class='ocr_line' id='line_1_3' title="bbox 344 2413 1226 2496; baseline 0.003 -22"><span class='ocrx_word' id='word_1_7' title='bbox 344 2413 476 2476; x_wconf 82' lang='lat' dir='ltr'><strong>Decreta</strong></span> <span class='ocrx_word' id='word_1_8' title='bbox 491 2414 530 2474; x_wconf 75' lang='lat' dir='ltr'><strong>cte</strong></span> <span class='ocrx_word' id='word_1_9' title='bbox 549 2413 762 2476; x_wconf 71' lang='lat' dir='ltr'><em>celebratione</em></span> <span class='ocrx_word' id='word_1_10' title='bbox 777 2415 962 2492; x_wconf 79' lang='lat' dir='ltr'><strong>nn&#39;ssarnm,</strong></span> <span class='ocrx_word' id='word_1_11' title='bbox 984 2421 1015 2476; x_wconf 74' lang='lat'><strong>21</strong></span> <span class='ocrx_word' id='word_1_12' title='bbox 1035 2416 1115 2496; x_wconf 87' lang='lat' dir='ltr'><strong>junii</strong></span> <span class='ocrx_word' id='word_1_13' title='bbox 1135 2419 1226 2492; x_wconf 76' lang='lat'><strong>1625,</strong></span> 
     </span>
     <span class='ocr_line' id='line_1_4' title="bbox 658 2520 916 2582; baseline 0.008 -2"><span class='ocrx_word' id='word_1_14' title='bbox 658 2523 696 2580; x_wconf 75' lang='lat'><strong>23</strong></span> <span class='ocrx_word' id='word_1_15' title='bbox 711 2520 779 2582; x_wconf 87' lang='lat' dir='ltr'><strong>dec.</strong></span> <span class='ocrx_word' id='word_1_16' title='bbox 801 2524 876 2581; x_wconf 73' lang='lat'>1697</span> <span class='ocrx_word' id='word_1_17' title='bbox 894 2521 916 2582; x_wconf 88' lang='lat'><strong>¹.</strong></span> 
     </span>
    </p>
   </div>
   <div class='ocr_carea' id='block_1_4' title="bbox 223 2712 1351 3276">
    <p class='ocr_par' dir='ltr' id='par_1_4' title="bbox 223 2712 1351 2987">
     <span class='ocr_line' id='line_1_5' title="bbox 264 2712 1351 2793; baseline 0.002 -21"><span class='ocrx_word' id='word_1_18' title='bbox 264 2712 371 2793; x_wconf 80' lang='lat' dir='ltr'><strong>Nuper</strong></span> <span class='ocrx_word' id='word_1_19' title='bbox 392 2735 408 2773; x_wconf 88' lang='lat' dir='ltr'><strong>a</strong></span> <span class='ocrx_word' id='word_1_20' title='bbox 431 2713 548 2792; x_wconf 86' lang='lat' dir='ltr'><strong>Congr.</strong></span> <span class='ocrx_word' id='word_1_21' title='bbox 573 2715 719 2774; x_wconf 80' lang='lat' dir='ltr'>venerab.</span> <span class='ocrx_word' id='word_1_22' title='bbox 745 2715 875 2774; x_wconf 80' lang='lat' dir='ltr'>fratrum</span> <span class='ocrx_word' id='word_1_23' title='bbox 901 2721 1080 2774; x_wconf 89' lang='lat' dir='ltr'><strong>nostrorum</strong></span> <span class='ocrx_word' id='word_1_24' title='bbox 1100 2715 1131 2774; x_wconf 91' lang='lat' dir='ltr'><strong>S.</strong></span> <span class='ocrx_word' id='word_1_25' title='bbox 1161 2715 1198 2776; x_wconf 91' lang='lat' dir='ltr'><strong>R.</strong></span> <span class='ocrx_word' id='word_1_26' title='bbox 1223 2717 1257 2778; x_wconf 88' lang='lat' dir='ltr'><strong>E.</strong></span> <span class='ocrx_word' id='word_1_27' title='bbox 1276 2717 1351 2776; x_wconf 87' lang='lat' dir='ltr'><strong>Car-</strong></span> 
     </span>
     <span class='ocr_line' id='line_1_6' title="bbox 223 2809 1348 2892; baseline 0.001 -24"><span class='ocrx_word' id='word_1_28' title='bbox 223 2809 374 2869; x_wconf 87' lang='lat' dir='ltr'><strong>dinalium</strong></span> <span class='ocrx_word' id='word_1_29' title='bbox 390 2830 479 2870; x_wconf 90' lang='lat' dir='ltr'><strong>conc.</strong></span> <span class='ocrx_word' id='word_1_30' title='bbox 497 2810 638 2871; x_wconf 75' lang='lat' dir='ltr'><strong>Trirlent.</strong></span> <span class='ocrx_word' id='word_1_31' title='bbox 656 2811 861 2892; x_wconf 77' lang='lat' dir='ltr'><strong>interpretum</strong></span> <span class='ocrx_word' id='word_1_32' title='bbox 881 2809 1064 2891; x_wconf 89' lang='lat' dir='ltr'><strong>prodierunt</strong></span> <span class='ocrx_word' id='word_1_33' title='bbox 1084 2810 1208 2870; x_wconf 88' lang='lat' dir='ltr'><strong>decreta</strong></span> <span class='ocrx_word' id='word_1_34' title='bbox 1231 2813 1348 2871; x_wconf 77' lang='lat' dir='ltr'><strong>tenoris</strong></span> 
     </span>
     <span class='ocr_line' id='line_1_7' title="bbox 223 2905 1053 2987; baseline 0.004 -23"><span class='ocrx_word' id='word_1_35' title='bbox 223 2905 427 2987; x_wconf 77' lang='lat' dir='ltr'><strong>infrascripti,</strong></span> <span class='ocrx_word' id='word_1_36' title='bbox 445 2906 605 2980; x_wconf 84' lang='lat' dir='ltr'><strong>videlicet,</strong></span> <span class='ocrx_word' id='word_1_37' title='bbox 1051 2972 1053 2976; x_wconf 60' lang='grc'><strong>,</strong></span> 
     </span>
    </p>

    <p class='ocr_par' dir='ltr' id='par_1_5' title="bbox 223 3002 1348 3276">
     <span class='ocr_line' id='line_1_8' title="bbox 263 3002 1348 3084; baseline 0.002 -24"><span class='ocrx_word' id='word_1_38' title='bbox 263 3005 278 3079; x_wconf 65' lang='grc' dir='ltr'>ξ</span> <span class='ocrx_word' id='word_1_39' title='bbox 299 3005 326 3062; x_wconf 91' lang='lat'><strong>1.</strong></span> <span class='ocrx_word' id='word_1_40' title='bbox 351 3002 435 3062; x_wconf 79' lang='lat' dir='ltr'><strong>Alias</strong></span> <span class='ocrx_word' id='word_1_41' title='bbox 458 3024 551 3084; x_wconf 87' lang='lat' dir='ltr'><strong>super</strong></span> <span class='ocrx_word' id='word_1_42' title='bbox 572 3003 781 3064; x_wconf 83' lang='lat' dir='ltr'><strong>celebratione</strong></span> <span class='ocrx_word' id='word_1_43' title='bbox 805 3004 967 3064; x_wconf 87' lang='lat' dir='ltr'><strong>missarum</strong></span> <span class='ocrx_word' id='word_1_44' title='bbox 989 3023 1024 3063; x_wconf 91' lang='lat' dir='ltr'><strong>ac</strong></span> <span class='ocrx_word' id='word_1_45' title='bbox 1046 3003 1256 3084; x_wconf 87' lang='lat' dir='ltr'><strong>prohibitione</strong></span> <span class='ocrx_word' id='word_1_46' title='bbox 1281 3003 1348 3062; x_wconf 90' lang='lat' dir='ltr'><strong>illas</strong></span> 
     </span>
     <span class='ocr_line' id='line_1_9' title="bbox 223 3097 1348 3181; baseline 0.003 -24"><span class='ocrx_word' id='word_1_47' title='bbox 223 3097 421 3172; x_wconf 89' lang='lat' dir='ltr'><strong>moderandi,</strong></span> <span class='ocrx_word' id='word_1_48' title='bbox 438 3121 491 3159; x_wconf 88' lang='lat' dir='ltr'><strong>seu</strong></span> <span class='ocrx_word' id='word_1_49' title='bbox 509 3099 675 3160; x_wconf 89' lang='lat' dir='ltr'><strong>reducendi</strong></span> <span class='ocrx_word' id='word_1_50' title='bbox 691 3100 808 3181; x_wconf 84' lang='lat' dir='ltr'><strong>absque</strong></span> <span class='ocrx_word' id='word_1_51' title='bbox 824 3099 911 3159; x_wconf 85' lang='lat' dir='ltr'><strong>Sedis</strong></span> <span class='ocrx_word' id='word_1_52' title='bbox 926 3099 1106 3180; x_wconf 87' lang='lat' dir='ltr'><strong>apostolicae</strong></span> <span class='ocrx_word' id='word_1_53' title='bbox 1122 3099 1261 3173; x_wconf 74' lang='lat' dir='ltr'><strong>licentia,</strong></span> <span class='ocrx_word' id='word_1_54' title='bbox 1274 3109 1348 3160; x_wconf 88' lang='lat' dir='ltr'><strong>&#39;nec-</strong></span> 
     </span>
     <span class='ocr_line' id='line_1_10' title="bbox 224 3195 1348 3276; baseline 0.003 -23"><span class='ocrx_word' id='word_1_55' title='bbox 224 3215 287 3254; x_wconf 89' lang='lat' dir='ltr'><strong>non</strong></span> <span class='ocrx_word' id='word_1_56' title='bbox 302 3215 395 3275; x_wconf 88' lang='lat' dir='ltr'><strong>super</strong></span> <span class='ocrx_word' id='word_1_57' title='bbox 410 3197 588 3256; x_wconf 89' lang='lat' dir='ltr'><strong>earumdem</strong></span> <span class='ocrx_word' id='word_1_58' title='bbox 604 3195 752 3256; x_wconf 86' lang='lat' dir='ltr'><strong>oneribus</strong></span> <span class='ocrx_word' id='word_1_59' title='bbox 770 3197 927 3276; x_wconf 86' lang='lat' dir='ltr'><strong>perpetuis</strong></span> <span class='ocrx_word' id='word_1_60' title='bbox 943 3195 1163 3276; x_wconf 80' lang='lat' dir='ltr'><strong>suscipiendis,</strong></span> <span class='ocrx_word' id='word_1_61' title='bbox 1181 3203 1211 3256; x_wconf 89' lang='lat' dir='ltr'><strong>et</strong></span> <span class='ocrx_word' id='word_1_62' title='bbox 1227 3197 1348 3276; x_wconf 83' lang='lat' dir='ltr'><strong>religio·</strong></span> 
     </span>
    </p>
   </div>
   <div class='ocr_carea' id='block_1_5' title="bbox 223 3287 1462 3373">
    <p class='ocr_par' dir='ltr' id='par_1_6' title="bbox 223 3287 1462 3373">
     <span class='ocr_line' id='line_1_11' title="bbox 223 3287 1462 3373; baseline 0.003 -24"><span class='ocrx_word' id='word_1_63' title='bbox 223 3309 328 3350; x_wconf 88' lang='lat' dir='ltr'><strong>sorum</strong></span> <span class='ocrx_word' id='word_1_64' title='bbox 346 3312 476 3351; x_wconf 87' lang='lat' dir='ltr'><strong>numero</strong></span> <span class='ocrx_word' id='word_1_65' title='bbox 493 3292 572 3351; x_wconf 90' lang='lat' dir='ltr'><strong>ultra</strong></span> <span class='ocrx_word' id='word_1_66' title='bbox 589 3292 722 3365; x_wconf 86' lang='lat' dir='ltr'><strong>reditus,</strong></span> <span class='ocrx_word' id='word_1_67' title='bbox 740 3301 770 3351; x_wconf 90' lang='lat' dir='ltr'><strong>et</strong></span> <span class='ocrx_word' id='word_1_68' title='bbox 790 3301 955 3352; x_wconf 88' lang='lat' dir='ltr'><strong>consuetas</strong></span> <span class='ocrx_word' id='word_1_69' title='bbox 973 3292 1187 3373; x_wconf 86' lang='lat' dir='ltr'><strong>eleemosynas</strong></span> <span class='ocrx_word' id='word_1_70' title='bbox 1207 3293 1347 3354; x_wconf 92' lang='lat' dir='ltr'><strong>locorum</strong></span> <span class='ocrx_word' id='word_1_71' title='bbox 1456 3287 1462 3298; x_wconf 84' lang='grc'><strong>”</strong></span> 
     </span>
    </p>
   </div>
   <div class='ocr_carea' id='block_1_6' title="bbox 222 3387 1350 4142">
    <p class='ocr_par' dir='ltr' id='par_1_7' title="bbox 222 3387 1347 3756">
     <span class='ocr_line' id='line_1_12' title="bbox 224 3387 1347 3470; baseline 0.004 -25"><span class='ocrx_word' id='word_1_72' title='bbox 224 3387 411 3466; x_wconf 84' lang='lat' dir='ltr'><strong>regularium</strong></span> <span class='ocrx_word' id='word_1_73' title='bbox 431 3409 491 3446; x_wconf 92' lang='lat' dir='ltr'><strong>non</strong></span> <span class='ocrx_word' id='word_1_74' title='bbox 509 3387 663 3458; x_wconf 84' lang='lat' dir='ltr'><strong>habendo,</strong></span> <span class='ocrx_word' id='word_1_75' title='bbox 678 3396 863 3448; x_wconf 88' lang='lat' dir='ltr'><strong>emanarunt</strong></span> <span class='ocrx_word' id='word_1_76' title='bbox 878 3389 917 3448; x_wconf 90' lang='lat' dir='ltr'><strong>ab</strong></span> <span class='ocrx_word' id='word_1_77' title='bbox 931 3389 988 3448; x_wconf 89' lang='lat' dir='ltr'><strong>hac</strong></span> <span class='ocrx_word' id='word_1_78' title='bbox 999 3391 1082 3450; x_wconf 86' lang='lat' dir='ltr'><strong>Sacr.</strong></span> <span class='ocrx_word' id='word_1_79' title='bbox 1099 3389 1347 3470; x_wconf 84' lang='lat' dir='ltr'><strong>Congregatione</strong></span> 
     </span>
     <span class='ocr_line' id='line_1_13' title="bbox 223 3482 1347 3566; baseline 0.001 -23"><span class='ocrx_word' id='word_1_80' title='bbox 223 3483 254 3542; x_wconf 91' lang='lat' dir='ltr'><strong>S.</strong></span> <span class='ocrx_word' id='word_1_81' title='bbox 281 3483 320 3544; x_wconf 87' lang='lat' dir='ltr'><strong>R.</strong></span> <span class='ocrx_word' id='word_1_82' title='bbox 348 3483 383 3544; x_wconf 76' lang='lat' dir='ltr'><strong>E.</strong></span> <span class='ocrx_word' id='word_1_83' title='bbox 407 3482 619 3544; x_wconf 89' lang='lat' dir='ltr'><strong>Cardinalium</strong></span> <span class='ocrx_word' id='word_1_84' title='bbox 640 3505 729 3544; x_wconf 89' lang='lat' dir='ltr'><strong>conc.</strong></span> <span class='ocrx_word' id='word_1_85' title='bbox 751 3484 889 3545; x_wconf 88' lang='lat' dir='ltr'><strong>Trident.</strong></span> <span class='ocrx_word' id='word_1_86' title='bbox 915 3485 1138 3566; x_wconf 79' lang='lat' dir='ltr'><strong>interpretum,</strong></span> <span class='ocrx_word' id='word_1_87' title='bbox 1162 3487 1347 3546; x_wconf 84' lang='lat' dir='ltr'><strong>auctoritate</strong></span> 
     </span>
     <span class='ocr_line' id='line_1_14' title="bbox 223 3579 1345 3662; baseline 0.001 -23"><span class='ocrx_word' id='word_1_88' title='bbox 223 3599 278 3662; x_wconf 89' lang='lat' dir='ltr'><strong>per</strong></span> <span class='ocrx_word' id='word_1_89' title='bbox 303 3579 354 3639; x_wconf 86' lang='lat' dir='ltr'><strong>sel.</strong></span> <span class='ocrx_word' id='word_1_90' title='bbox 382 3599 442 3639; x_wconf 90' lang='lat' dir='ltr'><strong>rec.</strong></span> <span class='ocrx_word' id='word_1_91' title='bbox 473 3579 633 3640; x_wconf 89' lang='lat' dir='ltr'><strong>Urbanum</strong></span> <span class='ocrx_word' id='word_1_92' title='bbox 660 3579 775 3660; x_wconf 86' lang='lat' dir='ltr'><strong>Papam</strong></span> <span class='ocrx_word' id='word_1_93' title='bbox 803 3579 878 3638; x_wconf 93' lang='lat' dir='ltr'><strong>VllI</strong></span> <span class='ocrx_word' id='word_1_94' title='bbox 906 3580 950 3639; x_wconf 93' lang='lat' dir='ltr'><strong>illi</strong></span> <span class='ocrx_word' id='word_1_95' title='bbox 980 3581 1155 3661; x_wconf 89' lang='lat' dir='ltr'><strong>specialiter</strong></span> <span class='ocrx_word' id='word_1_96' title='bbox 1180 3580 1345 3653; x_wconf 89' lang='lat' dir='ltr'><strong>attributa,</strong></span> 
     </span>
     <span class='ocr_line' id='line_1_15' title="bbox 222 3675 876 3756; baseline 0 -22"><span class='ocrx_word' id='word_1_97' title='bbox 222 3675 406 3756; x_wconf 85' lang='lat' dir='ltr'><strong>quamplura</strong></span> <span class='ocrx_word' id='word_1_98' title='bbox 422 3675 545 3736; x_wconf 89' lang='lat' dir='ltr'><strong>decreta</strong></span> <span class='ocrx_word' id='word_1_99' title='bbox 563 3676 680 3736; x_wconf 88' lang='lat' dir='ltr'><strong>tenoris</strong></span> <span class='ocrx_word' id='word_1_100' title='bbox 695 3676 854 3756; x_wconf 88' lang='lat' dir='ltr'><strong>sequentis</strong></span> <span class='ocrx_word' id='word_1_101' title='bbox 870 3693 876 3734; x_wconf 76' lang='grc' dir='ltr'><em>τ</em></span> 
     </span>
    </p>

    <p class='ocr_par' dir='ltr' id='par_1_8' title="bbox 222 3771 1350 4142">
     <span class='ocr_line' id='line_1_16' title="bbox 262 3771 1347 3852; baseline 0 -22"><span class='ocrx_word' id='word_1_102' title='bbox 262 3775 321 3848; x_wconf 65' lang='lat'><strong>§2</strong></span> <span class='ocrx_word' id='word_1_103' title='bbox 340 3772 419 3831; x_wconf 89' lang='lat' dir='ltr'><strong>Cum</strong></span> <span class='ocrx_word' id='word_1_104' title='bbox 435 3791 517 3852; x_wconf 85' lang='lat' dir='ltr'><strong>saepc</strong></span> <span class='ocrx_word' id='word_1_105' title='bbox 533 3771 695 3851; x_wconf 80' lang='lat' dir='ltr'><strong>contingat</strong></span> <span class='ocrx_word' id='word_1_106' title='bbox 715 3773 746 3831; x_wconf 92' lang='lat' dir='ltr'><strong>in</strong></span> <span class='ocrx_word' id='word_1_107' title='bbox 761 3771 948 3852; x_wconf 90' lang='lat' dir='ltr'><strong>quibusdam</strong></span> <span class='ocrx_word' id='word_1_108' title='bbox 965 3771 1102 3830; x_wconf 87' lang='lat' dir='ltr'><strong>ecclesiis</strong></span> <span class='ocrx_word' id='word_1_109' title='bbox 1120 3777 1182 3831; x_wconf 92' lang='lat' dir='ltr'><strong>tam</strong></span> <span class='ocrx_word' id='word_1_110' title='bbox 1201 3791 1347 3851; x_wconf 80' lang='lat' dir='ltr'><strong>magnum</strong></span> 
     </span>
     <span class='ocr_line' id='line_1_17' title="bbox 223 3867 1348 3929; baseline 0.002 -3"><span class='ocrx_word' id='word_1_111' title='bbox 223 3867 386 3928; x_wconf 87' lang='lat' dir='ltr'><strong>missarum</strong></span> <span class='ocrx_word' id='word_1_112' title='bbox 406 3868 662 3928; x_wconf 86' lang='lat' dir='ltr'><strong>celebrandarum</strong></span> <span class='ocrx_word' id='word_1_113' title='bbox 683 3887 847 3927; x_wconf 91' lang='lat' dir='ltr'><strong>numerum</strong></span> <span class='ocrx_word' id='word_1_114' title='bbox 868 3888 905 3926; x_wconf 84' lang='lat' dir='ltr'><strong>ex</strong></span> <span class='ocrx_word' id='word_1_115' title='bbox 921 3867 1014 3926; x_wconf 85' lang='lat' dir='ltr'><strong>variis</strong></span> <span class='ocrx_word' id='word_1_116' title='bbox 1034 3867 1255 3928; x_wconf 81' lang='lat' dir='ltr'><strong>detunctorum</strong></span> <span class='ocrx_word' id='word_1_117' title='bbox 1277 3869 1348 3929; x_wconf 91' lang='lat' dir='ltr'><strong>reli-</strong></span> 
     </span>
     <span class='ocr_line' id='line_1_18' title="bbox 222 3963 1348 4046; baseline 0.001 -23"><span class='ocrx_word' id='word_1_118' title='bbox 222 3964 292 4037; x_wconf 87' lang='lat' dir='ltr'><strong>ctis,</strong></span> <span class='ocrx_word' id='word_1_119' title='bbox 308 3971 361 4024; x_wconf 90' lang='lat' dir='ltr'><strong>aut</strong></span> <span class='ocrx_word' id='word_1_120' title='bbox 378 3965 499 4044; x_wconf 90' lang='lat' dir='ltr'><strong>piorum</strong></span> <span class='ocrx_word' id='word_1_121' title='bbox 516 3964 719 4045; x_wconf 83' lang='lat' dir='ltr'><strong>eleemosynis</strong></span> <span class='ocrx_word' id='word_1_122' title='bbox 735 3963 916 4045; x_wconf 90' lang='lat' dir='ltr'><strong>impositum</strong></span> <span class='ocrx_word' id='word_1_123' title='bbox 932 3983 1009 4038; x_wconf 87' lang='lat' dir='ltr'><strong>esse,</strong></span> <span class='ocrx_word' id='word_1_124' title='bbox 1025 3972 1059 4024; x_wconf 92' lang='lat' dir='ltr'><strong>ut</strong></span> <span class='ocrx_word' id='word_1_125' title='bbox 1071 3963 1132 4024; x_wconf 91' lang='lat' dir='ltr'><strong>illis</strong></span> <span class='ocrx_word' id='word_1_126' title='bbox 1146 3985 1203 4046; x_wconf 90' lang='lat' dir='ltr'><strong>pro</strong></span> <span class='ocrx_word' id='word_1_127' title='bbox 1218 3965 1348 4044; x_wconf 78' lang='lat' dir='ltr'><strong>singulis</strong></span> 
     </span>
     <span class='ocr_line' id='line_1_19' title="bbox 222 4057 1350 4142; baseline 0.002 -24"><span class='ocrx_word' id='word_1_128' title='bbox 222 4057 332 4119; x_wconf 90' lang='lat' dir='ltr'><strong>diebus</strong></span> <span class='ocrx_word' id='word_1_129' title='bbox 348 4059 535 4142; x_wconf 73' lang='lat' dir='ltr'><strong>praescriptis</strong></span> <span class='ocrx_word' id='word_1_130' title='bbox 552 4067 685 4142; x_wconf 87' lang='lat' dir='ltr'><strong>nequeat</strong></span> <span class='ocrx_word' id='word_1_131' title='bbox 698 4059 851 4134; x_wconf 83' lang='lat' dir='ltr'><strong>satisfieri,</strong></span> <span class='ocrx_word' id='word_1_132' title='bbox 869 4066 899 4118; x_wconf 92' lang='lat' dir='ltr'><strong>et</strong></span> <span class='ocrx_word' id='word_1_133' title='bbox 916 4067 1019 4120; x_wconf 91' lang='lat' dir='ltr'><strong>tamen</strong></span> <span class='ocrx_word' id='word_1_134' title='bbox 1036 4081 1115 4120; x_wconf 81' lang='lat' dir='ltr'><strong>nova</strong></span> <span class='ocrx_word' id='word_1_135' title='bbox 1131 4079 1225 4122; x_wconf 90' lang='lat' dir='ltr'><strong>onera</strong></span> <span class='ocrx_word' id='word_1_136' title='bbox 1242 4061 1350 4120; x_wconf 89' lang='lat' dir='ltr'><strong>missa·</strong></span> 
     </span>
    </p>
   </div>
   <div class='ocr_carea' id='block_1_7' title="bbox 255 4245 976 4309">
    <p class='ocr_par' dir='ltr' id='par_1_9' title="bbox 255 4245 976 4309">
     <span class='ocr_line' id='line_1_20' title="bbox 255 4245 976 4309; baseline -0.004 -14"><span class='ocrx_word' id='word_1_137' title='bbox 255 4245 263 4279; x_wconf 89' lang='lat'>¹</span> <span class='ocrx_word' id='word_1_138' title='bbox 282 4245 353 4295; x_wconf 83' lang='lat' dir='ltr'><strong>Ball.</strong></span> <span class='ocrx_word' id='word_1_139' title='bbox 372 4261 449 4304; x_wconf 79' lang='lat' dir='ltr'><strong>rom,</strong></span> <span class='ocrx_word' id='word_1_140' title='bbox 465 4248 507 4295; x_wconf 89' lang='lat' dir='ltr'><strong>cd.</strong></span> <span class='ocrx_word' id='word_1_141' title='bbox 524 4246 698 4308; x_wconf 85' lang='lat' dir='ltr'><strong>Coquelines‚</strong></span> <span class='ocrx_word' id='word_1_142' title='bbox 715 4249 733 4295; x_wconf 90' lang='lat' dir='ltr'><strong>t.</strong></span> <span class='ocrx_word' id='word_1_143' title='bbox 752 4261 790 4304; x_wconf 79' lang='lat' dir='ltr'><strong>in,</strong></span> <span class='ocrx_word' id='word_1_144' title='bbox 806 4261 833 4309; x_wconf 87' lang='lat' dir='ltr'><strong>p.</strong></span> <span class='ocrx_word' id='word_1_145' title='bbox 847 4248 912 4294; x_wconf 76' lang='lat' dir='ltr'><strong>tot·</strong></span> <span class='ocrx_word' id='word_1_146' title='bbox 923 4249 976 4294; x_wconf 71' lang='lat' dir='ltr'><strong>tu.</strong></span> 
     </span>
    </p>
   </div>
   <div class='ocr_carea' id='block_1_8' title="bbox 0 0 1628 5026">
    <p class='ocr_par' dir='ltr' id='par_1_10' title="bbox 0 0 1628 5026">
     <span class='ocr_line' id='line_1_21' title="bbox 0 0 1628 5026; baseline 0 0"><span class='ocrx_word' id='word_1_147' title='bbox 0 0 1628 5026; x_wconf 95' lang='lat' dir='ltr'><strong> </strong></span> 
     </span>
    </p>
   </div>
  </div>
 </body>
</html>
