3246 5026
297 451 350 506 332
782 453 826 503 DE
844 451 944 503 Missa

241 647 243 652 .
297 598 459 659 Generalis
481 597 528 656 vel
550 597 756 684 Provincialis
775 617 946 670 consensu,
971 603 1001 656 et
1024 597 1149 658 licentia
1175 599 1206 657 in
1232 599 1370 680 scriptis,
1393 611 1425 661 et

296 695 392 775 gratis
417 694 634 766 concedenda3
660 695 798 774 alioquin
821 693 985 765 secularis,
1011 695 1065 774 qui
1087 695 1181 775 hujus
1203 695 1424 776 prohibitionis

296 798 507 868 transgressor
521 791 671 864 extiterit,
686 791 725 850 ab
738 769 878 869 ingressu
891 789 1028 849 ecclesiae
1040 789 1225 851 interdictus
1237 792 1277 851 sit
1289 812 1325 852 eo
1337 793 1421 872 ipso,

296 886 445 966 regularis
462 907 536 946 vero
551 907 676 966 poenam
692 885 876 966 privationis
896 887 1035 945 omnium
1057 887 1246 961 officiorum,
1263 895 1424 968 quaetunc

294 982 449 1044 obtinebit
464 1003 499 1042 ac
514 990 673 1064 perpetuae
692 981 897 1042 inhabilitatis
916 981 955 1042 ad
971 982 1029 1042 alia
1049 983 1088 1042 de
1104 991 1218 1043 caetero
1234 984 1421 1056 obtinenda,

295 1079 442 1160 vocisque
467 1080 578 1138 activae
602 1086 633 1138 et
658 1079 787 1158 passivae
812 1079 928 1159 absque
952 1079 1012 1140 alia
1036 1078 1246 1140 declaratione
1270 1080 1420 1142 incurrat.

295 1176 515 1256 Eleemosynas
531 1195 606 1235 vero
626 1175 786 1234 manuales
801 1182 831 1234 et
852 1174 1050 1255 quotidianas
1071 1196 1126 1256 pro
1148 1176 1249 1236 missis
1264 1175 1423 1236 celebran-

294 1271 355 1345 dis,
373 1272 415 1332 ita
431 1272 556 1332 demum
576 1271 669 1332 iidem
686 1272 826 1352 accipere
846 1271 982 1351 possint,
999 1271 1024 1330 si
1045 1272 1192 1332 oneribus
1212 1279 1303 1332 antea
1322 1272 1422 1352 impo-

294 1368 360 1428 sitis
380 1369 422 1428 ita
443 1367 666 1440 satisfecerint,
690 1375 724 1427 ut
747 1387 827 1426 nova
847 1388 973 1448 quoque
989 1389 1084 1428 onera
1104 1368 1261 1449 suscipere
1278 1369 1421 1441 valeant;

293 1463 429 1544 alioquin
459 1463 587 1522 omnino
617 1463 795 1523 abstineant
821 1464 860 1523 ab
888 1462 1068 1545 hujusmodi
1096 1464 1301 1545 eleemosynis
1327 1465 1422 1524 etiam

293 1567 403 1640 sponte
417 1560 529 1619 oblatis
545 1560 574 1617 in
590 1560 729 1618 futurum
744 1559 943 1640 recipiendis,
957 1559 1099 1641 capsulas
1114 1561 1257 1621 auferant
1271 1561 1311 1620 ab
1326 1560 1422 1620 eccle·

292 1656 360 1730 stis,
388 1675 459 1715 cum
481 1655 684 1736 inscriptione
705 1654 784 1715 illa:
812 1655 1034 1736 eleemosyna
1051 1659 1115 1737 pro
1141 1655 1261 1732 missis,
1288 1657 1337 1716 vel
1361 1657 1421 1718 alia

292 1751 399 1820 simili,
421 1752 478 1812 sub
501 1750 610 1812 iisdem
633 1752 733 1832 poenis
756 1751 823 1832 ipso
841 1751 922 1812 facto
945 1753 1156 1825 incurrendis,
1179 1773 1217 1812 ne
1236 1752 1344 1812 fideles
1363 1753 1421 1814 hac

292 1849 412 1909 ratione
429 1849 629 1908 frustrentur.

332 1949 347 2021 ξ
361 1947 390 2004 8.
409 1944 582 2025 Episcopus
597 1965 684 2018 vero,
702 1965 756 2003 seu
773 1943 840 2024 ejus
856 1944 1003 2016 vicarius,
1018 1953 1072 2004 aut
1087 1943 1263 2018 Generalis,
1279 1946 1327 2006 vel
1345 1946 1420 2004 Pro-

291 2041 446 2124 vipcialis,
465 2041 517 2099 ubi
532 2041 570 2100 de
586 2041 709 2112 licentia
725 2061 781 2121 pro
797 2041 955 2121 perpetuis
971 2041 1117 2100 oneribus
1133 2041 1249 2101 luerint
1264 2041 1417 2122 requisiti,

290 2137 320 2195 in
338 2137 467 2214 singulis
480 2136 602 2196 casibus
614 2136 780 2214 diligenter
794 2136 953 2217 inquirant
966 2137 1004 2196 de
1020 2136 1149 2216 singulis
1165 2137 1328 2198 missarum
1341 2137 1419 2197 cele·

291 2233 478 2292 brandaruni
494 2232 752 2310 obligationibus,
769 2233 881 2314 cuique
895 2233 1044 2306 ecclesiae,
1062 2234 1262 2308 monasterio,
1279 2242 1333 2294 aut
1347 2233 1419 2294 loco

290 2328 342 2408 pio
364 2327 633 2400 incumbentibus;
658 2349 714 2388 nee
735 2337 825 2389 antea
848 2350 1007 2389 assensum
1030 2330 1225 2410 hujusmodi,
1248 2337 1302 2390 aut
1324 2331 1419 2390 licen-

291 2424 364 2485 tiam
379 2424 537 2505 prarbeant
551 2445 644 2505 quani
655 2425 698 2484 eis
709 2425 846 2504 legitime
861 2426 1051 2501 constiterit,
1066 2426 1149 2486 illius
1164 2426 1340 2487 sacerdotes
1355 2435 1416 2486 tani

290 2543 373 2582 novo
393 2522 479 2580 oneri
499 2521 696 2602 suscipiendo
716 2543 809 2603 quam
829 2523 965 2602 antiquis
982 2523 1047 2604 jam
1068 2524 1219 2604 susceptis
1238 2523 1417 2583 satisfacere

290 2637 391 2699 posse,
409 2617 659 2698 praecipuamque
675 2619 826 2678 rationem
843 2618 977 2678 habeant
992 2625 1027 2678 ut
1042 2619 1176 2692 redituS,
1193 2620 1246 2700 qui
1261 2620 1415 2692 ecclesiiS,

289 2721 320 2774 et
335 2713 410 2774 loeis
421 2713 479 2794 piis
494 2714 724 2796 relinquuntur,
737 2715 864 2774 omnino
876 2713 1084 2794 respondeant
1099 2715 1245 2775 oneribus
1260 2715 1417 2795 adjunctis

290 2811 459 2871 secundum
481 2831 597 2870 morena
619 2811 769 2892 cujusque
789 2811 939 2883 civitatis,
957 2811 1005 2870 vel
1023 2811 1210 2892 provincie,
1227 2811 1417 2890 intelligant·

289 2929 364 2988 qne,
383 2909 407 2966 si
428 2908 457 2966 in
477 2929 509 2966 re
531 2907 606 2966 tanti
627 2907 776 2967 momenti
796 2905 932 2978 desides,
950 2915 1004 2966 aut
1024 2907 1214 2986 negligentes
1235 2909 1366 2980 fuerint,
1384 2909 1415 2967 in

289 3004 457 3063 novissimo
472 3003 521 3063 die
537 3024 568 3063 se
589 3003 681 3084 hujus
697 3003 895 3083 praetermissi
911 3003 1048 3064 muneris
1064 3005 1216 3064 rationem
1232 3025 1298 3064 esse
1315 3005 1416 3064 reddi-

288 3107 386 3159 turos

328 3199 387 3271 §9.
406 3195 568 3254 Postremo
584 3195 782 3256 illustrissimi
799 3195 907 3256 Patres
929 3217 990 3255 non
1007 3196 1072 3256 sine
1090 3197 1176 3275 gravi
1192 3196 1285 3257 animi
1306 3195 1416 3256 dolore

286 3291 511 3369 intelligentes,
529 3292 608 3350 mala
624 3292 688 3352 fere
704 3293 823 3360 omnia,
840 3314 909 3372 quae
926 3293 1098 3371 regularem
1113 3292 1309 3374 disciplinam
1325 3314 1415 3353 erer-

288 3393 373 3459 tunt,
395 3406 430 3446 ac
452 3387 608 3467 praecipue
631 3387 755 3446 nimiam
780 3389 860 3448 hanc
881 3387 1061 3448 facilitatem
1083 3390 1192 3448 fovent
1213 3389 1244 3448 in
1266 3389 1415 3449 oneribus

287 3483 451 3543 missarum
467 3503 560 3563 supra
576 3483 656 3543 vires
677 3484 897 3564 suscipiendis,
914 3483 1010 3544 veluti
1026 3505 1063 3544 ex
1079 3485 1193 3545 infecta
1210 3485 1328 3560 radice,
1346 3485 1414 3566 pul-

287 3580 398 3653 lulare,
420 3601 458 3640 ex
480 3579 590 3660 majori
613 3580 801 3658 regularium
824 3601 969 3656 numero,
991 3601 1084 3661 quam
1107 3581 1208 3641 ferant
1231 3581 1365 3652 redituS,
1383 3591 1414 3642 et

286 3678 489 3757 eleemosynae
505 3677 656 3758 cujusque
672 3677 870 3750 monasteriij
886 3677 1074 3737 inhaerentes
1090 3678 1288 3738 Summorum
1306 3677 1414 3738 Ponti-

286 3775 394 3848 ficum,
416 3795 451 3833 ac
471 3774 501 3832 S.
520 3773 659 3832 Trident.
682 3793 770 3833 conc.
793 3773 940 3845 decretis,
962 3773 1019 3833 hac
1038 3773 1077 3833 de
1098 3795 1129 3832 re
1150 3774 1255 3849 editis,
1278 3774 1414 3834 Sanctis-

286 3870 353 3930 simi
371 3869 496 3928 Domini
513 3868 611 3928 nostri
627 3869 811 3928 auctoritate
827 3869 1023 3950 precipiunt,
1037 3891 1073 3929 ae
1089 3870 1239 3932 mandant
1254 3871 1412 3940 omnibus,

286 3973 317 4026 et
332 3965 460 4042 singulis
477 3963 697 4036 Generalibns,
716 3964 979 4038 Provincialibus,
997 3966 1232 4037 commissoriis,
1249 3967 1411 4038 ministris,

285 4062 535 4144 presidentibus,
552 4061 727 4132 abbatibus,
742 4061 908 4140 prioribus,
924 4063 1109 4142 praepositis,
1127 4063 1315 4141 guardianis,
1330 4063 1413 4122 vica-

287 4159 350 4229 riis
367 4167 398 4218 et
413 4159 660 4239 quibuscumque
676 4157 742 4215 aliis
758 4158 969 4238 superioribus
985 4159 1256 4232 monasteriorum,
1274 4179 1412 4219 conven

288 4263 390 4328 tuum,
414 4275 450 4314 ae
472 4253 634 4314 domorum
659 4253 862 4332 regularium,
887 4254 967 4314 bona
991 4255 1160 4315 immobilia
1184 4255 1410 4336 possidentium
1473 4295 1478 4306 ·
