3174 5046
313 489 356 538 DE
375 486 625 538 CELEBRATIONE
647 485 795 536 PLURIUM
816 485 987 536 MISSARUM
1008 487 1074 538 UNA
1094 489 1150 538 DlE
1263 489 1295 542 63

168 640 250 698 nota
276 631 362 697 bene
385 631 438 696 his
465 629 597 717 legibus
623 651 692 694 non
719 627 840 715 subjici
864 629 930 694 nisi
957 653 1057 696 novas
1076 633 1198 698 missas
1218 657 1297 700 con-

168 769 298 828 cessas,
321 745 480 832 antiquas
500 743 640 832 proinde
665 765 838 808 remanere
859 743 923 808 sub
943 768 1003 810 suo
1019 743 1095 832 jure
1116 755 1297 813 consuetu-

168 859 310 926 dinario.

213 974 245 1040 2.
267 973 313 1040 Ut
332 997 401 1039 non
422 974 510 1040 desit
529 980 665 1060 tempus
684 971 762 1036 illas
780 971 990 1054 celebrandi,
1018 975 1186 1040 concessit
1205 975 1296 1064 pari-

168 1093 220 1152 ter
244 1087 478 1153 sacerdotibus
505 1087 709 1152 Benedictus
737 1084 829 1168 XIV,
858 1111 874 1146 «
899 1093 938 1150 ut
957 1093 1026 1151 tres
1049 1087 1172 1152 missas
1193 1089 1295 1154 etiam

167 1202 303 1266 duabus
321 1209 400 1287 post
425 1201 599 1265 meridiem
620 1201 713 1265 lteris
739 1199 843 1264 libere
863 1206 897 1264 et
915 1199 1007 1264 licite
1028 1199 1196 1266 celebrare
1216 1225 1296 1290 pos-

168 1315 266 1380 sint¹.
294 1343 309 1374 »

214 1429 244 1496 3.
269 1429 320 1493 Ex
344 1427 588 1494 recentioribus
617 1425 846 1492 decisionibus
871 1427 1080 1508 sacerdotes,
1107 1427 1148 1492 de
1173 1427 1296 1516 quibus

168 1543 292 1629 agitur,
305 1543 426 1608 missas
441 1541 611 1608 celebrare
627 1541 751 1606 debent
768 1560 776 1606 :
791 1541 947 1630 primam,
968 1541 1056 1606 utin
1071 1541 1125 1606 die
1141 1541 1295 1607 Comme-

169 1657 367 1721 morationis
386 1658 539 1722 omnium
558 1657 732 1742 fidelium·
751 1655 952 1737 secundam,
974 1655 1066 1721 utin
1090 1654 1295 1721 Annicersa-

169 1771 240 1854 rio;
260 1770 412 1852 tertiam,
433 1777 472 1836 ut
492 1771 526 1836 in
548 1770 770 1846 Quoticlianis.
801 1768 868 1848 Qui
894 1775 1008 1834 autem
1030 1792 1134 1834 unam
1160 1777 1295 1836 tantum

167 1883 338 1950 celebrare
357 1884 453 1960 velit,
475 1885 564 1950 dieat
584 1885 745 1972 primam;
763 1885 792 1949 si
812 1884 888 1971 quis
908 1883 1004 1966 duas
1027 1884 1118 1948 dicat
1136 1883 1292 1970 primam,

167 2005 202 2063 et
216 1997 359 2064 alteram
373 2000 418 2063 ad
436 1999 602 2064 libitima
743 1979 746 1986 ⁵

212 2112 258 2178 N.
276 2113 317 2177 B.
336 2110 514 2177 Celebrare
530 2112 607 2200 plus
623 2135 726 2199 quam
745 2134 848 2176 unam
864 2111 1004 2175 missam
1020 2111 1054 2174 in
1070 2111 1124 2176 die
1139 2111 1314 2177 Comme?

167 2225 368 2290 motationis
388 2225 541 2290 omnium
562 2225 824 2306 Defunctorum‚
847 2224 920 2290 sine
940 2223 1095 2289 indulto³
1115 2231 1173 2290 aut
1193 2225 1294 2313 privi-

167 2339 274 2426 legio,
296 2345 349 2403 est
372 2340 499 2404 abusus
524 2337 567 2404 ab
588 2339 764 2427 Episcopis
784 2337 1028 2421 eliminandus,
1051 2345 1090 2405 ut
1110 2339 1295 2405 declaravit

167 2450 202 2518 S.
225 2453 295 2518 nit.
318 2452 476 2540 Congr.⁴.

213 2697 280 2766 28.
289 2697 475 2772 —Tertia
486 2700 666 2786 exceptio
680 2699 724 2767 in
737 2717 832 2768 casu
842 2699 1105 2767 necessitatis.
1121 2699 1207 2762 -In
1216 2722 1292 2763 casn

168 2811 386 2894 necessitatis,
416 2813 548 2877 licitum
574 2821 622 2877 est
647 2811 812 2877 sacerdoti
834 2812 886 2876 his
913 2812 947 2875 in
973 2812 1025 2875 die
1049 2811 1228 2876 celebrare.
1250 2851 1294 2860 —

167 2925 311 2990 Constat
334 2926 409 3014 ipso
429 2927 522 3014 jure,
545 2948 666 3014 nempe
689 2925 746 2990 cit.
769 2949 798 2990 o.
823 2925 1046 3008 Consuluisti,
1069 2925 1106 3006 3,
1129 2925 1180 2988 Du
1199 2945 1293 2990 cenu-

167 3059 324 3105 sannone
343 3060 523 3121 nrssnnnn,
547 3039 581 3103 in
597 3063 665 3127 quo
685 3039 749 3104 hoe
768 3040 939 3126 expressis
958 3039 1113 3104 terminis
1133 3046 1291 3104 cavetur:

167 3180 184 3212 n
272 3153 423 3241 Excepto
444 3153 497 3218 die
517 3153 716 3219 Nativitatis
735 3153 885 3235 Domini,
918 3154 982 3218 nisi
1001 3177 1098 3218 causa
1121 3153 1293 3218 necessita-

168 3269 211 3331 tis
238 3268 393 3350 suadeat,
428 3267 555 3332 sufficit
586 3267 753 3334 sacerdoti
786 3267 892 3332 semel
925 3268 959 3332 in
993 3268 1046 3332 die
1076 3289 1180 3332 unam
1211 3268 1294 3332 mis-

167 3403 240 3445 sam
275 3381 489 3446 solummodo
523 3381 704 3448 celebrare.
738 3409 754 3440 »
788 3383 838 3448 De
876 3405 943 3470 quo
980 3381 1076 3469 plura
1113 3381 1293 3470 quaerenda

166 3501 248 3560 sunt
274 3515 280 3562 :

199 3731 208 3766 ¹
225 3732 264 3781 De
278 3731 414 3795 sacrificio
431 3732 531 3791 misse,
548 3737 617 3796 part.
632 3731 670 3792 11,
686 3747 712 3781 n.
728 3737 772 3792 31,
789 3747 814 3795 p.
831 3735 870 3780 11.
887 3731 926 3779 Cf.
939 3731 1020 3779 etiam
1035 3745 1061 3793 p.
1078 3735 1132 3778 333.

198 3811 209 3846 ²
225 3811 252 3860 S.
268 3811 321 3860 nis.
339 3813 447 3876 Conse,
462 3813 490 3860 in
507 3811 716 3877 calaguritane,
738 3817 767 3860 13
785 3811 838 3860 feb.
860 3815 933 3868 1891,
954 3811 987 3859 ad
1007 3815 1036 3858 18
1056 3811 1139 3872 (Acta
1155 3809 1180 3858 S.
1203 3808 1292 3868 Sedis,

166 3895 187 3942 t.
204 3907 266 3947 xxv.
279 3907 306 3955 p.
323 3893 371 3955 ts).

198 3971 267 4021 ²Ci.
290 3972 430 4020 lndultum
450 3973 563 4036 partiatc
580 3973 647 4020 duas
666 3973 762 4021 missas
782 3971 833 4020 hoc
855 3972 898 4020 dic
920 3971 1075 4020 celebrandi
1097 3984 1256 4020 concessum
1278 3984 1293 4016 n

167 4051 194 4100 S.
214 4051 312 4115 Congr.
331 4051 424 4110 Cone,
445 4053 471 4100 in
493 4051 759 4115 Grntinmpnsstnnn,
780 4055 809 4100 10
830 4053 891 4100 maii
913 4055 971 4100 iss-t
996 4051 1171 4114 (Canoniste,
1197 4053 1216 4098 t.
1242 4065 1292 4106 vn,

166 4146 210 4180 an.
227 4135 300 4188 resi,
316 4147 343 4194 p.
360 4134 418 4190 nn,
435 4132 507 4194 no).

199 4213 209 4245 ⁴
225 4211 255 4259 ln
271 4211 407 4260 Arbor-en.
424 4211 578 4272 (Oristano,
591 4212 617 4259 in
635 4211 785 4274 Sardinia),
801 4217 826 4259 11
845 4210 901 4274 jan.
923 4215 998 4270 16763
1018 4239 1044 4248 -
1060 4214 1087 4260 et
1102 4211 1128 4259 in
1143 4210 1194 4258 alia
1206 4207 1295 4258 Arbo-

168 4305 238 4350 ren„
255 4296 284 4340 26
299 4307 361 4340 nov.
381 4295 441 4339 1618
463 4289 591 4354 (Decreta
607 4291 775 4348 authentica,
797 4306 822 4338 n.
844 4293 916 4344 1551.
937 4295 1006 4349 1611,
1025 4295 1044 4341 t.
1062 4307 1082 4350 r,
1101 4306 1127 4354 p.
1148 4289 1292 4352 313,310).
