3180 5024
326 443 378 496 288
811 441 854 492 DE
873 440 974 492 lssssl

327 588 385 653 siae
405 585 705 666 illuminationem,
727 584 793 650 alia
818 585 947 650 lumina
971 585 1207 653 adhibeantur.
1230 586 1272 651 ln
1297 609 1338 650 eo
1358 609 1451 650 sensu

326 699 500 788 respondit
524 699 559 764 S.
583 699 652 764 Bit.
676 697 817 786 Congu,
841 699 875 762 in
902 699 1035 764 decreto
1054 701 1074 764 l
1092 701 1182 788 junii
1203 700 1311 778 1895;
1335 699 1452 764 adhoc

325 814 415 879 enim
438 813 644 902 quesitum:
673 840 689 874 (ι
711 813 832 879 Utrum
857 814 916 878 lux
939 814 1095 880 electrica
1120 814 1275 881 adhiberi
1296 814 1406 902 possit
1422 814 1452 878 in

325 927 488 1008 ecclesiis,
508 955 524 988 υ
541 927 739 1016 respondit:
759 955 776 988 (ι
792 927 849 992 Ad
865 927 1012 1008 cultum,
1032 930 1205 1014 nepetive;
1224 929 1269 994 ad
1286 928 1453 1014 depellen-

324 1042 386 1108 das
405 1049 518 1107 autem
538 1039 697 1108 tenebras
717 1041 944 1130 ecclesiasque
965 1043 1177 1131 splendidius
1193 1043 1451 1122 illuminandas,

324 1157 554 1242 affirmatioe;
582 1161 681 1221 cauto
700 1161 817 1221 tamen
837 1180 879 1222 ne
903 1158 1025 1222 modus
1050 1157 1196 1245 speciem
1217 1181 1291 1246 prae
1314 1180 1353 1222 se
1376 1155 1452 1220 ferat

324 1271 557 1338 theatralem¹.
578 1298 594 1332 »
613 1309 658 1318 -
678 1269 744 1336 Ubi
764 1270 1011 1336 advertendum
1031 1278 1082 1337 est
1102 1271 1233 1337 lumina
1258 1295 1303 1338 ex
1321 1295 1386 1357 yos
1403 1269 1452 1334 rel

323 1386 498 1474 lampades
532 1385 723 1466 electrices,
753 1385 888 1473 quando
924 1383 1127 1451 adhibentur
1157 1387 1200 1451 ad
1232 1383 1451 1473 depellendas

324 1497 480 1564 tenebras
508 1501 564 1565 vel
593 1500 636 1565 ad
664 1499 825 1564 ecclesias
856 1499 1069 1587 splendidius
1096 1499 1364 1580 illuminandas,
1390 1521 1451 1562 non

322 1636 422 1701 posse
442 1613 523 1700 poni
541 1637 644 1700 super
664 1616 775 1699 ipsum
794 1615 919 1698 attare,
940 1621 978 1678 ut
1002 1621 1136 1680 constat
1155 1623 1230 1679 tum
1256 1637 1300 1680 ex
1325 1611 1450 1677 rubrica

322 1727 471 1794 Miaaatis
486 1751 499 1794 .·
526 1728 674 1814 «Super
699 1727 807 1793 attare
833 1727 919 1792 nihil
945 1729 1083 1792 omnino
1109 1735 1267 1816 ponatur,
1295 1727 1390 1817 quod
1413 1725 1450 1790 ad

322 1842 434 1908 missso
463 1843 681 1924 sacrificium,
710 1841 766 1907 vel
792 1841 899 1931 ipsius
926 1842 1044 1908 altaris
1070 1849 1228 1908 ornatum
1254 1865 1329 1907 non
1355 1839 1449 1930 perti·

323 1963 432 2040 neet²‚
454 1985 470 2018 »
490 1965 565 2023 tum
584 1979 625 2022 ex
646 1957 868 2046 responsione
889 1955 922 2022 S.
946 1957 1017 2022 Rit.
1041 1957 1181 2046 Congu,
1205 1957 1240 2021 in
1260 1957 1446 2022 Novarcen.

324 2071 526 2160 (Newark),
549 2071 569 2138 8
590 2071 703 2136 martii
724 2069 822 2153 1879,
844 2071 879 2135 in
899 2093 966 2160 qua
984 2071 1028 2136 ad
1047 2071 1110 2136 hoc
1129 2071 1340 2160 quaesitum:
1365 2097 1382 2130 «
1398 2069 1447 2132 An

321 2207 423 2270 super
450 2187 569 2266 attari,
595 2193 719 2272 praeter
746 2186 907 2251 candelas
934 2209 976 2252 ex
1000 2209 1092 2267 cera,
1118 2185 1257 2252 tolerari
1280 2185 1391 2273 possit
1413 2187 1445 2245 ut

321 2297 486 2365 habeatur
504 2299 607 2363 etiam
631 2299 835 2366 illuminatio
860 2323 902 2366 ex
919 2323 999 2387 paz,
1021 2300 1077 2366 vel
1096 2323 1140 2366 an
1163 2323 1246 2364 usus
1269 2298 1446 2387 praedictus

320 2411 491 2502 prohiberi
510 2411 648 2497 debeat,
672 2442 688 2476 n
711 2415 911 2504 respondit:
935 2441 950 2476 a
968 2415 1132 2500 Nepative
1151 2414 1194 2479 ad
1212 2415 1360 2502 primam
1378 2433 1445 2499 par-

320 2535 406 2610 tem;
430 2529 638 2615 affirmative
666 2531 709 2594 ad
733 2529 949 2594 secundam³.
974 2557 989 2590 n
1012 2528 1111 2609 Quod
1134 2527 1376 2616 applicandum
1400 2533 1445 2590 est

319 2644 533 2732 lampadibus
558 2645 741 2727 electricis,
763 2645 890 2709 exalia
915 2644 1134 2732 responsione
1154 2642 1188 2710 S.
1211 2643 1282 2708 Rit.
1306 2641 1442 2728 Congu,

321 2759 355 2824 in
373 2759 590 2844 Netchelen.,
609 2759 650 2825 16
670 2759 751 2824 maii
772 2757 857 2825 1902
867 2760 890 2840 ⁴,
907 2757 966 2823 ubi
990 2781 1026 2824 se
1044 2757 1148 2824 refert
1166 2757 1202 2824 S.
1222 2753 1444 2844 Congregatio

322 2873 363 2936 ad
397 2874 463 2938 duo
494 2873 655 2961 praedicta
685 2895 849 2961 responsa
879 2895 934 2938 an.
963 2871 1048 2939 1879
1077 2879 1111 2937 et
1137 2871 1235 2938 1895.
1272 2871 1370 2936 Unde
1397 2869 1443 2932 ha·

320 2985 494 3074 lampades
508 2993 651 3075 possunt
666 2987 803 3076 quidem
818 2986 875 3051 vel
889 2985 1052 3074 suspendi
1070 3007 1089 3050 e
1103 2985 1267 3073 proximis
1282 2981 1443 3051 columnis

319 3106 378 3166 aut
392 3101 506 3188 lignis,
522 3102 577 3168 vel
591 3099 674 3190 poni
689 3125 788 3188 super
803 3101 929 3188 gradus
944 3100 1061 3166 altaris
1075 3099 1235 3190 (proclino
1247 3101 1287 3164 de
1302 3096 1441 3182 l’autell

319 3239 386 3280 non
406 3237 486 3279 vero
506 3237 609 3300 super
629 3215 741 3302 ipsum
761 3215 877 3281 altare.

363 3329 399 3394 b.
421 3327 630 3415 Requiritur,
657 3335 695 3393 ut
719 3331 848 3396 dictum
874 3336 942 3410 est,
968 3351 1043 3393 cera
1064 3325 1169 3415 apum
1176 3347 1191 3412 ,·
1209 3335 1361 3394 attamen
1380 3345 1442 3391 aon

319 3440 518 3532 prohibetur
532 3464 638 3530 parva
658 3443 777 3509 mixtio
793 3442 943 3508 materiae
958 3443 1094 3523 alienae;
1117 3443 1312 3509 sicutenim
1330 3441 1442 3506 vinum

319 3557 444 3625 dicitur
463 3565 497 3624 et
515 3563 671 3623 remanet
696 3559 828 3640 vinum,
850 3557 931 3622 licet
953 3557 984 3623 ei
1007 3557 1190 3624 misceatur
1212 3579 1317 3645 parva
1341 3575 1442 3643 quan-

318 3673 400 3740 titas
419 3696 531 3761 aquu’,
553 3672 602 3736 sio
622 3695 698 3738 cera
717 3695 819 3761 apum
838 3679 992 3738 remanet
1011 3678 1044 3736 et
1063 3671 1186 3737 dicitur
1204 3693 1298 3753 cera,
1319 3669 1398 3734 licet
1415 3665 1442 3732 ei

350 3861 359 3893 ¹
377 3861 491 3910 Decreta
505 3856 674 3916 authentica,
691 3873 717 3908 n.
734 3863 808 3916 3359,
822 3861 842 3906 t.
857 3873 898 3916 m,
915 3873 941 3920 p.
957 3859 1012 3904 287.

349 3940 360 3974 ¹
376 3939 501 3990 Rubricae
514 3937 659 4003 peneratea
671 3937 802 3995 hilaratis,
818 3953 881 4002 pars
895 3935 919 3995 l,
936 3951 961 3984 n.
978 3941 1020 3994 20,
1036 3935 1063 3982 in
1078 3935 1139 3983 tine.

348 4022 359 4056 ³
376 4021 443 4070 Acta
457 4020 483 4068 S.
498 4018 589 4076 Sedis,
607 4021 626 4068 t.
643 4035 733 4078 xxxiv,
750 4035 776 4083 p.
792 4023 837 4066 760
853 4017 926 4082 (haec
941 4015 1094 4078 responsio,
1110 4015 1173 4062 licet
1185 4027 1240 4062 non
1253 4013 1406 4062 inveniatur
1419 4013 1441 4059 in

317 4099 429 4150 Decreta
444 4097 615 4158 authentica,
631 4103 673 4149 est
686 4101 796 4149 omnino
809 4098 933 4162 genuina,
949 4098 980 4144 ut
992 4099 1100 4144 constat
1114 4093 1290 4143 attestatione
1305 4093 1441 4143 Secretarii

317 4179 343 4228 S.
360 4179 468 4242 Congu,
485 4179 562 4239 ibin,
579 4195 605 4242 p.
622 4184 681 4240 760,
697 4180 805 4243 relate).

347 4259 359 4293 ⁴
375 4259 443 4308 Acta
455 4261 481 4308 S.
496 4259 585 4318 Sedis,
604 4257 670 4308 ibid.
