3224 5044
333 441 365 492 78
816 439 859 487 DE
878 437 977 488 nlssn

334 593 398 643 tum
423 591 453 642 et
479 602 567 659 uvas,
595 580 698 641 eleum
723 587 754 640 et
778 578 952 640 incensum.
979 578 1048 639 Alia
1073 580 1193 652 omnia,
1216 579 1308 658 juxta
1330 599 1401 638 can.
1428 577 1464 650 4,

279 721 281 725 ·
332 688 445 747 delerri
468 686 622 746 debebant
643 685 680 744 ad
704 685 831 744 domum
854 684 1011 765 Episcopi.
1030 720 1069 728 —
1086 684 1139 744 Sic
1160 683 1253 742 etiam
1273 703 1365 742 conc.
1389 681 1466 741 Car·

334 792 513 870 thaginense
539 790 582 850 lll
608 798 676 864 (an.
702 790 790 870 397),
815 810 843 849 c.
870 789 924 862 24,
956 809 1017 847 non
1050 789 1163 849 tolerat
1191 789 1295 847 oilerri
1329 794 1466 868 (praeter

332 916 443 976 panem
466 903 496 956 et
518 895 660 975 vinum),
683 895 741 954 nisi
766 915 840 954 uuas
864 901 895 953 et
915 893 1147 974 frumentuw.
1167 929 1207 937 —
1227 893 1333 952 Serius
1356 901 1464 952 autem

332 1001 515 1080 permissum
536 1007 598 1073 est,
620 1007 655 1059 ut
674 1000 777 1058 omnia
800 997 859 1058 alia
880 999 1068 1058 ollerrentur
1089 999 1120 1056 in
1139 997 1285 1070 ccclesia,
1309 997 1363 1056 sed
1389 1003 1465 1056 ante

332 1105 472 1178 missam,
495 1103 543 1168 vel
565 1104 673 1163 saltem
695 1111 766 1162 ante
786 1102 1003 1180 evangelium
1025 1111 1059 1162 ut
1079 1109 1203 1162 constat
1222 1123 1259 1160 ex
1279 1101 1463 1178 Reginone,

333 1210 377 1269 lte
393 1208 469 1270 eccl.
487 1207 627 1290 discipl,
644 1208 698 1268 lib.
717 1208 745 1282 I,
763 1206 948 1290 Inquisitio,
967 1229 996 1266 n.
1015 1206 1152 1268 72-732.

373 1315 404 1373 i⁰
428 1313 487 1374 lua
502 1312 683 1374 oblationis.
700 1347 741 1357 -
761 1312 831 1370 Non
852 1313 991 1371 omnium
1012 1311 1235 1392 acceptabatur
1254 1309 1389 1384 oblatio,
1408 1309 1464 1369 sed

332 1439 438 1479 corum
456 1425 575 1478 tantum
597 1419 649 1499 qui
663 1417 722 1499 jus
738 1415 898 1477 habebant
913 1415 1090 1497 offerendi,·
1109 1417 1168 1476 hoe
1188 1416 1270 1476 enim
1289 1417 1361 1496 jure
1378 1435 1462 1475 care·

333 1525 407 1582 bant
423 1523 699 1596 excommunicati,
717 1522 949 1593 catechumeni,
967 1523 1172 1602 poenitenteS,
1189 1529 1250 1581 etc.
1270 1521 1339 1580 Hoc
1355 1529 1463 1580 autem

328 1629 380 1708 jus
395 1628 521 1687 maximi
536 1635 609 1686 tunc
625 1627 728 1701 fiebat,
746 1629 810 1686 sive
826 1628 899 1708 quia
915 1635 980 1687 crat
996 1627 1119 1705 signum
1135 1627 1380 1699 communioniS,
1395 1627 1464 1684 sive

332 1733 404 1813 quia
423 1733 444 1790 ii
465 1739 585 1792 tantum
606 1733 659 1812 qui
680 1732 866 1806 offerebant,
885 1733 1050 1812 participes
1070 1732 1278 1791 censebantur
1298 1731 1463 1790 fructuum

332 1840 484 1900 sacrificii.
501 1839 658 1899 Caetcrum
678 1839 748 1898 laici
768 1847 800 1899 et
819 1837 939 1912 clerici,
958 1839 1015 1897 viri
1030 1847 1062 1898 et
1077 1837 1238 1912 muliereS,
1256 1837 1415 1918 principes
1431 1845 1463 1896 et

332 1945 462 2018 subditi,
480 1944 660 2005 ollerebant.

372 2052 404 2110 5ο
421 2050 514 2110 Varie
529 2049 682 2131 adjuncta
695 2048 891 2109 oblationum
902 2049 924 2109 ³.
937 2085 977 2093 -
987 2049 1099 2108 Clerici
1110 2049 1282 2109 ollerebant
1292 2047 1335 2108 ad
1344 2047 1461 2126 altare,

331 2155 400 2214 laici
420 2155 485 2214 ruis
507 2153 583 2213 loeis
603 2155 633 2212 in
650 2155 797 2226 ecclesia3
819 2155 900 2214 unde
917 2153 1061 2214 sacerdos
1081 2154 1232 2214 circuibat
1251 2173 1322 2212 cum
1339 2152 1463 2213 clericis

333 2259 492 2338 perraria
514 2259 581 2317 loca
604 2259 742 2319 ecclesiae
764 2259 801 2318 ad
823 2259 1015 2339 recipiendas
1031 2259 1205 2319 oblationes
1221 2258 1405 2318 laicorum².
1421 2293 1463 2303 -

333 2363 514 2422 Oblationes
530 2371 674 2442 receptae,
691 2385 784 2444 super
799 2364 896 2424 altare
911 2363 1148 2444 deponebantur
1164 2385 1217 2424 seu
1235 2363 1461 2435 offerebantur,

332 2477 364 2528 ct
386 2489 422 2526 ex
445 2467 488 2526 cis
510 2488 581 2548 pars
602 2468 791 2546 seligcbatur
805 2489 874 2550 quae
894 2469 926 2528 in
949 2489 1063 2549 corpus
1083 2477 1113 2527 et
1138 2468 1322 2546 sanguinem
1343 2467 1462 2527 Christi

332 2572 543 2633 convertenda
559 2581 643 2646 erat,
661 2573 779 2654 reliqua
801 2581 905 2634 autem
921 2573 1074 2634 cedebant
1090 2574 1120 2632 in
1136 2593 1227 2632 usum
1244 2573 1461 2632 ministrorum

332 2679 382 2752 (in
397 2678 523 2738 Oriente
539 2677 734 2738 vocabantur
749 2677 898 2760 culoqiae,
916 2678 954 2738 de
972 2679 1086 2759 quibus
1102 2685 1225 2758 supra).
1242 2713 1281 2722 -
1297 2677 1461 2738 Prioribus

332 2783 468 2856 saeculis,
486 2783 603 2843 oblatio
619 2783 711 2842 liebat
727 2784 850 2863 quoties
866 2784 958 2844 missa
974 2783 1209 2856 celebrabatur;
1227 2792 1335 2864 postea
1353 2786 1461 2844 rest-ri-

331 2899 380 2950 cta
397 2897 444 2950 est
458 2889 496 2948 ad
512 2887 579 2949 dies
594 2887 778 2964 dominicos,
798 2889 951 2948 utstatim
968 2888 1092 2949 dieitur.

371 2997 404 3053 6ο
421 2993 605 3054 Imminutio
635 3015 709 3053 urus
732 2992 939 3054 oblationum.
960 3031 1000 3040 —-
1019 2994 1140 3054 Saeculo
1160 3015 1188 3052 vr
1214 2994 1252 3053 ad
1274 2995 1366 3054 finem
1390 3016 1461 3054 ver·

331 3107 434 3177 gente,
449 3099 590 3158 imminui
603 3099 709 3179 coepit,
725 3099 834 3158 saltem
849 3099 1034 3179 quibusdam
1050 3101 1082 3160 in
1098 3100 1184 3173 locis,
1200 3100 1307 3159 lervor
1321 3100 1459 3159 fidelium

332 3205 363 3262 in
388 3204 537 3263 iaciendis
557 3203 779 3264 oblationibus.
803 3204 935 3264 Constat
959 3225 996 3264 ex
1020 3205 1134 3265 celebri
1161 3205 1286 3264 concilii
1309 3204 1460 3264 Matisco-

333 3307 436 3366 nensis
452 3315 520 3380 (an.
539 3309 631 3386 585),
648 3329 716 3368 can.
732 3309 767 3368 4:
788 3335 802 3364 a
866 3309 1079 3388 Cognovimus
1094 3310 1245 3390 quosdam
1257 3309 1457 3385 christianoS,

331 3411 439 3471 relicto
462 3412 592 3471 lratrum
615 3420 714 3486 coetu,
735 3435 751 3473 a
775 3414 923 3474 mandato
944 3414 1001 3473 Dei
1023 3414 1180 3494 aliquibus
1200 3413 1277 3474 locis
1299 3414 1457 3486 deviasse,

331 3517 372 3577 ita
388 3525 423 3576 ut
441 3516 544 3576 nullus
561 3537 667 3577 corum
688 3517 826 3596 legitimo
843 3519 1118 3579 obsecundationis
1135 3539 1243 3599 parere
1260 3519 1337 3578 velit
1351 3521 1457 3578 officio

331 3623 478 3696 Deitatis,
494 3621 570 3682 ilum
589 3622 688 3682 sacris
709 3621 867 3683 altaribus
888 3623 1011 3684 nullam
1031 3621 1197 3683 admouent
1216 3623 1363 3685 bostiam.
1382 3623 1457 3683 Pro-

330 3737 434 3808 pterea
450 3728 657 3802 decernimus,
670 3735 715 3800 ut,
728 3727 874 3788 omnibus
889 3727 1058 3788 dominicis
1073 3727 1196 3804 (liebus,
1210 3727 1324 3789 altaris
1338 3727 1458 3790 oblatio

361 3932 369 3966 ¹
387 3931 487 3990 Bruns,
507 3931 641 3988 Concilio,
656 3935 675 3979 t.
693 3947 713 3990 r,
730 3946 756 3993 p.
775 3936 826 3979 126.

361 4011 372 4044 ²
387 4012 490 4075 litigare,
504 4011 533 4060 P.
550 4011 588 4069 t,
603 4015 622 4060 t.
639 4025 739 4070 cxxxii,
752 4011 802 4059 col.
818 4015 870 4058 190.

361 4091 371 4125 ³
387 4091 425 4140 Cl.
442 4091 577 4150 Martbne,
594 4091 644 4140 loc.
658 4090 703 4140 cit.

361 4173 370 4204 ⁴
389 4171 496 4240 Romae,
519 4173 645 4220 sacerdos
667 4171 817 4232 recipiebat
838 4185 949 4232 panem,
972 4172 1102 4222 ‹liaconus
1122 4173 1228 4232 vinum;
1249 4174 1286 4221 ita
1308 4173 1334 4220 in
1354 4171 1455 4220 Ordine

331 4249 448 4298 Romano
462 4251 486 4307 1,
501 4265 526 4298 n.
545 4256 584 4310 ta;
601 4249 704 4314 bligne,
719 4249 748 4298 P.
765 4251 804 4308 t„
822 4253 841 4299 t.
858 4267 968 4311 txxrrn,
986 4253 1037 4301 col.
1052 4255 1106 4300 ota.
