3246 5026
391 558 435 608 DE
454 556 567 608 AETATE
587 557 770 610 PUERORUM
790 558 834 608 AD
854 557 1104 610 contunsionem
1258 557 1309 611 30⁰

182 703 241 768 illa
265 725 339 790 quar
363 725 466 791 supra
486 701 575 766 dicta
594 708 661 783 est,
684 724 806 789 nempe
824 703 974 790 gravitas
993 701 1167 791 praecepti,
1189 702 1218 768 si
1241 724 1309 768 non

182 817 304 900 divini,
341 816 462 882 saltem
495 815 716 882 ecclesiastici
745 816 924 903 generalis.
961 817 1074 897 Quum
1106 824 1220 884 autem
1253 797 1334 884 ille'

182 954 266 1020 puer
291 931 443 1018 attigerit
468 929 613 1017 legalem
635 937 786 1014 aetatem,
810 931 1008 997 admittetur
1034 932 1075 998 ad
1102 933 1310 998 communio.-
1385 993 1391 1004 ,

182 1069 260 1111 nem
279 1046 462 1111 solemnem
482 1067 558 1110 cum
579 1045 721 1110 caeteris.
749 1083 793 1094 -
820 1045 900 1110 Hae
927 1054 1041 1112 autem
1061 1046 1210 1112 conditio
1234 1046 1310 1112 illu-

162 1167 309 1238 stratur
341 1165 375 1225 et
404 1159 623 1225 confirmatur
654 1182 755 1224 causa
782 1159 1000 1244 Anneciensi,
1033 1160 1072 1224 21
1096 1161 1175 1247 julii
1203 1159 1306 1241 18883

180 1297 287 1364 quum
312 1275 402 1339 enim
426 1275 605 1364 episcopus
624 1274 866 1356 Anneciensis,
889 1274 942 1340 die
962 1274 1004 1340 27
1025 1275 1097 1340 dec.
1122 1274 1224 1356 1884,
1246 1275 1310 1340 hoc

179 1389 355 1455 decretum
381 1388 547 1454 tulisset:
574 1415 590 1448 «
618 1388 742 1454 Nullus
773 1411 857 1477 puer
887 1389 1060 1454 masculus
1093 1396 1152 1454 aut
1184 1389 1310 1454 femina

179 1504 381 1569 admittatur
411 1503 454 1568 ad
485 1504 628 1591 primam
655 1503 928 1569 communionem
955 1503 1046 1570 nisi:
1081 1507 1111 1570 t.
1144 1504 1310 1569 Duodeci-

183 1641 277 1683 mum
295 1619 403 1683 atatis
417 1641 546 1683 annum
565 1618 747 1704 expleverit
753 1637 767 1701 ,·
786 1617 818 1681 2.
845 1617 990 1684 fideliter
1008 1618 1200 1684 interfuerit
1219 1625 1309 1684 cate-

179 1733 303 1798 chismi
335 1731 538 1798 lectionibus
570 1755 630 1821 per
663 1732 748 1797 duos
775 1732 915 1798 ultimos
945 1737 1090 1813 annos¹3
1119 1761 1135 1795 n
1171 1733 1309 1822 quidam

180 1847 347 1936 parochus
366 1847 408 1912 ab
428 1847 491 1912 hoc
511 1845 646 1912 decreto
667 1847 853 1936 appellavit
876 1847 919 1912 ad
942 1847 977 1912 S.
1001 1847 1309 1934 Congregationem

179 1962 305 2044 Conc.;
328 1963 418 2028 unde
445 1961 637 2027 discussum
666 1969 719 2027 est
744 1963 807 2026 hoc
834 1962 1004 2028 dubium:
1036 1961 1130 2026 «An
1156 1961 1310 2026 decreta⁸

179 2077 330 2167 episcopi
349 2077 575 2142 Anneciensis
599 2076 668 2142 sint
694 2076 936 2159 confirmanda,
959 2076 1014 2140 vel
1034 2075 1252 2156 infirmanda,
1274 2075 1308 2140 in

178 2214 277 2270 casu;
298 2219 314 2252 a
332 2191 506 2280 respondit
521 2197 634 2257 autem
650 2189 683 2256 S.
703 2190 843 2279 Congr.‚
859 2190 896 2254 at
918 2191 996 2278 julii
1017 2189 1102 2257 1888
1120 2209 1128 2256 :
1147 2219 1163 2251 a
1183 2191 1309 2256 Atten-

181 2307 224 2374 tis
244 2309 396 2374 locorum
416 2331 453 2372 ac
474 2305 636 2392 temporis
656 2305 932 2389 circumstantiis,
954 2307 1161 2393 affirmative
1180 2307 1224 2371 ad
1234 2307 1307 2392 pri-

180 2445 272 2488 mam
290 2429 444 2508 partem,
461 2422 569 2507 J'uoeta
589 2421 760 2487 modum³,
787 2449 802 2480 a
823 2459 866 2469 -
891 2420 1017 2485 Modus
1036 2421 1195 2510 privatim
1215 2442 1307 2485 com-

179 2535 372 2602 municatus
392 2543 445 2601 est
463 2535 622 2624 episcopo
648 2534 874 2617 Anneciensi‚
895 2535 953 2623 qui
977 2533 1025 2599 sic
1049 2557 1126 2599 eum
1146 2533 1306 2600 describit

179 2653 214 2716 in
229 2651 384 2738 Epistola
404 2651 447 2716 ad
468 2651 615 2730 clerum,
637 2649 692 2714 die
711 2649 753 2717 29
778 2671 856 2736 aug.
885 2647 1018 2715 1888st
1049 2677 1065 2708 «
1087 2648 1211 2714 Modus
1235 2655 1303 2730 est,

174 2789 219 2831 ne
238 2768 410 2852 episcopus
424 2765 594 2851 parochos
602 2765 786 2851 prohibeat
805 2765 848 2828 alr
863 2763 1081 2827 admittendis
1094 2763 1138 2827 ad
1152 2763 1305 2846 primam

175 2881 449 2946 communionem
480 2881 519 2944 iia
543 2881 661 2964 pueris
687 2879 727 2942 dc
757 2879 883 2964 quibus
913 2884 1003 2942 certo
1029 2885 1158 2941 constat
1184 2899 1238 2940 eos
1261 2876 1306 2940 ad

175 2995 388 3060 discretionis
412 3001 543 3059 aetatem
561 2995 669 3080 jueta
694 2993 915 3058 conciliorum
938 2991 1175 3056 Lateranensia
1199 2991 1254 3054 IV
1272 2999 1305 3054 ct

183 3109 373 3174 Tridentini
419 3111 551 3175 decreta
588 3109 789 3194 pervenisse.
834 3106 1076 3172 Sanctissimus
1123 3128 1221 3186 vero,
1269 3104 1304 3168 in

174 3225 347 3290 audientia
367 3223 433 3289 diei
457 3223 499 3290 23
528 3222 624 3310 julii,
648 3222 752 3310 jussit
778 3221 940 3288 declarari
963 3220 1067 3286 verba
1093 3222 1137 3286 ad
1151 3221 1304 3308 primam
1357 3287 1359 3292 ,

174 3339 446 3404 communionem
478 3361 553 3404 esse
585 3337 806 3424 intelligenda
844 3337 886 3402 ad
923 3336 1153 3403 exclusionem
1187 3335 1303 3425 prima·

173 3453 425 3518 communionis
444 3453 479 3517 in
498 3451 606 3518 forma
625 3451 780 3518 solemni.
805 3481 821 3514 »
847 3491 891 3501 -
914 3451 1012 3518 Unde
1035 3452 1203 3540 parochus
1223 3451 1303 3515 reti-

175 3575 235 3633 net
248 3567 305 3655 jus
325 3566 528 3633 admittendi
546 3567 589 3632 ad
607 3567 753 3656 primam
776 3559 1050 3631 communionem
1069 3588 1191 3654 pueros
1211 3570 1302 3629 certo

172 3680 377 3747 discretione
402 3681 584 3746 sufficienti
609 3680 796 3768 pollentiae,
828 3679 888 3746 sed
912 3679 984 3744 sine
1008 3679 1241 3758 solemnitate,
1268 3686 1303 3744 et

206 3899 213 3932 ¹
237 3899 405 3960 Thesaurus,
423 3900 473 3950 loc.
487 3901 543 3959 cit,
560 3915 587 3964 p.
602 3903 656 3948 nt.

204 3979 216 4014 ²
233 3980 297 4030 Erat
312 3996 409 4044 nempe
419 3981 492 4030 aliud
504 3983 652 4041 decretum,
660 3994 714 4042 quo
725 3979 840 4028 cavebat
856 3979 1006 4042 Episcopus
1016 3983 1047 4029 ut
1057 3993 1203 4042 numquam
1215 3980 1300 4041 prima

172 4062 328 4110 communio
343 4077 489 4124 puerorum
502 4065 676 4125 perageretur
688 4064 751 4109 ante
766 4061 837 4108 diem
851 4059 1010 4120 vigesimum
1026 4059 1127 4108 mensis
1141 4059 1203 4107 maii
1217 4057 1301 4122 (rne-

169 4155 284 4200 seurm,
300 4142 349 4191 loc.
366 4141 433 4206 cit).

205 4222 216 4257 ³
236 4221 403 4282 Thesaurus,
421 4223 471 4272 loe.
488 4221 543 4281 cit,
557 4238 584 4285 p.
601 4226 655 4272 487.

203 4302 363 4352 ‘Tenerem
385 4303 507 4367 epistola
526 4304 610 4352 habes
630 4304 702 4367 apud
724 4302 853 4352 Noui-elle
876 4317 956 4352 renue
983 4301 1172 4367 tlttoloqique,
1196 4305 1215 4352 t.
1242 4316 1298 4359 xxi,

170 4397 214 4432 an.
225 4387 294 4437 1889,
310 4399 337 4446 p.
349 4389 392 4442 293
410 4411 436 4420 -
451 4384 486 4433 ct.
502 4385 583 4433 etiam
599 4383 744 4433 Canoniste
759 4383 970 4447 conternporm'n,
984 4387 1003 4432 t.
1016 4399 1060 4443 rm,
1071 4397 1114 4432 an.
1125 4387 1194 4442 1889,
1206 4399 1232 4446 p.
1245 4387 1298 4432 tat.
