3180 5024
256 349 308 403 aot
735 349 780 399 DE
799 347 900 400 ulssn

256 517 327 582 per,
350 493 378 558 si
397 491 512 557 haberi
528 492 653 578 possit,
668 491 811 556 clericus
823 491 858 555 in
874 490 992 555 ordine
1014 490 1148 555 tectoria
1167 489 1388 570 constitutus,

257 607 315 695 qui
330 612 443 671 cantet
462 605 641 692 epistolam
656 604 731 670 loco
751 603 963 686 subdiaconi,
980 603 1081 690 juxta
1102 603 1271 668 Rubricas
1287 624 1389 688 qene-

258 719 344 784 rales
356 719 474 802 micsae,
493 725 580 805 part.
601 717 644 800 ll,
657 719 710 782 tit.
725 739 771 800 vr,
787 741 821 782 n.
841 717 860 784 8
874 737 882 784 ε
900 745 917 778 ιι
936 717 973 784 Si
991 717 1198 806 quandoque
1213 715 1392 780 celebrans

256 837 370 926 cantat
388 831 528 897 missam
548 831 621 896 sine
641 831 784 896 diacono
804 837 838 896 et
862 830 1088 911 subdiacono,
1110 829 1292 917 epistolam
1311 851 1389 893 can·

256 952 305 1010 tet
324 945 359 1008 in
383 943 457 1008 loco
478 951 640 1009 consueto
659 943 784 1032 aliquis
804 943 908 1009 lector
931 942 1177 1031 superpelliceo
1197 941 1350 1006 indutus.
1370 969 1386 1002 n

256 1057 327 1122 lmo
347 1057 450 1122 ctiam
475 1056 626 1123 adhiberi
650 1063 764 1144 potest
788 1057 944 1122 minister
967 1057 1026 1146 qui
1049 1057 1148 1144 plura
1174 1036 1285 1120 ollicia
1310 1053 1389 1120 suls

256 1171 441 1237 diaconici
468 1171 600 1237 diaconi
625 1171 781 1258 impleat,
799 1171 898 1259 juxta
922 1193 1125 1258 responsum
1144 1171 1179 1236 S.
1204 1170 1274 1235 Bit.
1297 1167 1389 1234 Con-

256 1285 464 1374 gregationis
494 1285 527 1350 in
556 1285 732 1366 Baionen.,
763 1285 805 1350 25
826 1291 912 1371 sept.
933 1283 1036 1364 1875,
1058 1284 1101 1349 ad
1122 1287 1158 1364 l,
1179 1282 1239 1348 ubi
1263 1282 1307 1348 acl
1325 1281 1388 1346 hoc

256 1399 460 1486 quaesitum:
488 1425 504 1460 ιι
531 1399 586 1464 Αιι
611 1397 787 1464 celebrans
810 1399 950 1464 missam
975 1421 1052 1463 cum
1072 1405 1174 1463 cantu
1194 1398 1268 1462 sine
1288 1395 1388 1460 mini-

257 1511 336 1576 stris
349 1511 508 1577 adhibere
518 1513 669 1606 possit..,
683 1512 880 1577 ministrum
892 1511 951 1601 qui
965 1511 1047 1578 folia
1062 1519 1183 1593 vertat,
1201 1518 1235 1576 et
1247 1509 1389 1576 calicem

257 1625 492 1712 discooperiat,
514 1627 695 1714 ipsumque
715 1626 867 1706 mundet,
889 1625 1009 1691 vinum
1027 1633 1062 1691 et
1079 1648 1203 1713 aquam
1219 1623 1386 1704 infundat,

258 1739 483 1828 eumdemque
502 1739 642 1804 calicem
662 1738 749 1804 infra
768 1740 937 1804 actionem
956 1739 1046 1826 palla
1067 1739 1240 1826 cooperiat
1258 1746 1294 1804 et
1318 1737 1388 1802 dis·

259 1853 429 1940 cooperiat
444 1853 543 1942 juxta
563 1853 870 1940 opportunitatem,
893 1876 1025 1918 necnon
1049 1853 1162 1940 ipsum
1181 1859 1294 1940 tergat
1311 1859 1388 1939 post

260 1968 551 2047 communionem,
574 1967 712 2055 suisque
732 1967 940 2033 ornamentis
963 1968 1126 2050 instruat;
1148 1967 1204 2032 vel
1221 1967 1389 2032 celebrare

260 2079 382 2146 debeat
405 2088 443 2145 ut
469 2081 504 2145 in
530 2082 634 2146 missa
661 2081 734 2146 sine
765 2089 884 2164 cantu,
916 2081 1040 2146 omnia·
1059 2081 1342 2168 supraenunciata
1370 2103 1390 2145 a

260 2194 442 2280 semetipso
471 2195 664 2281 peragendo
693 2201 728 2260 et
748 2217 817 2260 non
845 2219 909 2282 ope
939 2193 1104 2276 ministri,
1139 2221 1154 2255 ιι
1179 2194 1353 2282 respondit
1378 2212 1387 2259 ε

165 2349 167 2360 ι
262 2334 277 2368 ιι
293 2306 515 2392 Affirmatioc
530 2309 572 2372 ad
584 2309 730 2395 primam
745 2316 893 2396 partem;
912 2310 1075 2396 nepetive,
1090 2309 1135 2374 ad
1146 2308 1357 2374 secundam¹.
1374 2335 1389 2369 ιι
1450 2311 1454 2320 “

261 2421 307 2488 Ut
325 2426 440 2486 autem
464 2421 619 2486 minister
640 2423 844 2488 haecomnia
863 2445 1024 2512 peragere
1043 2423 1170 2511 possit,
1193 2421 1294 2488 debet
1316 2445 1390 2488 esse

263 2535 297 2600 in
321 2535 425 2600 sacris
453 2535 677 2618 constitutus,
710 2544 749 2600 ut
775 2537 858 2602 satis
884 2559 945 2624 per
975 2558 1011 2603 se
1040 2543 1154 2624 patet,
1189 2544 1224 2602 et
1258 2543 1391 2602 constat

264 2671 426 2737 responso
451 2650 485 2716 S.
514 2649 584 2716 Rit.
612 2649 735 2737 Cong.‚
763 2651 798 2714 in
822 2643 972 2736 Plocen',
994 2648 1014 2716 6
1034 2650 1108 2718 dec.
1132 2651 1235 2732 1901,
1257 2651 1292 2715 in
1311 2673 1388 2738 qua,

265 2764 308 2830 ad
327 2763 391 2830 hoc
410 2765 611 2854 quaesitum:
632 2791 648 2825 ιι
670 2759 792 2830 Utrum
812 2765 877 2830 iste
897 2765 1053 2831 minister
1074 2764 1221 2853 (dequo
1241 2765 1276 2828 in
1296 2764 1393 2828 Baio-

268 2877 359 2966 ncn.)
369 2877 491 2945 debeat
506 2901 581 2944 esse
593 2877 627 2942 in
644 2879 749 2943 sacris
763 2878 986 2961 constitutus,
1007 2906 1022 2940 ιι
1040 2879 1239 2967 respondit:
1262 2906 1278 2939 «
1292 2878 1391 2943 Affir-

267 2993 408 3073 mative,
430 2993 459 3056 si
478 2993 596 3057 debeat
615 2993 716 3057 etiam
735 2993 872 3058 calicem
891 2993 1114 3079 absterqerc&
1139 3016 1154 3057 r

312 3103 432 3182 Quoad
446 3105 568 3171 missas
578 3107 802 3192 pontificales,
819 3105 862 3172 cl.
876 3107 1114 3173 Caercmoniate
1127 3107 1371 3192 Episcoporum
1378 3156 1389 3190 ,

267 3218 290 3282 l.
310 3217 357 3299 Il,
380 3240 408 3281 c.
433 3239 488 3283 vm
513 3243 563 3307 sq.

315 3441 409 3510 142.
429 3480 473 3489 -
490 3441 549 3511 De
567 3442 698 3511 officio
717 3445 906 3513 ministri.

316 3559 348 3620 l⁰
366 3556 415 3620 Dc
430 3558 543 3642 officio
564 3558 712 3623 ministri
732 3559 766 3623 in
786 3559 887 3624 missa
902 3560 1050 3644 privata.
1067 3598 1111 3608 -
1123 3558 1282 3624 Officium
1296 3557 1392 3623 mini-

271 3671 332 3735 stri
351 3671 385 3736 in
405 3671 509 3736 missa
527 3671 659 3758 privata
678 3679 730 3738 est
750 3671 994 3760 respondendi,
1016 3673 1241 3739 transferendi
1260 3671 1393 3738 missale

271 3786 312 3850 de
338 3783 412 3849 loco
441 3785 482 3850 ad
511 3785 639 3868 locum,
665 3785 838 3873 praebendi
861 3787 980 3852 vinum
1004 3796 1038 3854 et
1057 3809 1179 3876 aquam
1198 3787 1242 3853 ad
1261 3787 1393 3853 ollerto-

271 3898 358 3964 rium
389 3904 422 3963 et
455 3898 498 3964 ad
531 3897 736 3982 oblationes,
773 3900 923 3988 agitandi
962 3901 1211 3988 campanulam.
1253 3901 1394 3966 Constat

304 4074 312 4106 ¹
330 4073 444 4124 Decreta
458 4071 627 4131 authentica,
645 4088 670 4122 n.
685 4079 755 4131 3³77,
770 4077 789 4122 t.
806 4089 847 4132 ιιι,
863 4090 889 4138 p.
905 4081 944 4123 6³.

303 4151 487 4212 ¹Canonirte,
502 4156 521 4203 t.
538 4167 603 4212 xxv,
619 4167 662 4202 en.
680 4159 752 4206 1902.
766 4169 793 4216 p.
804 4158 930 4203 tto-ult.
