3174 5046
325 504 359 556 5⁰
804 495 848 546 DE
867 493 966 546 Missa

325 671 410 728 sam,
423 644 607 712 difficultas
627 649 690 722 est,
713 663 818 728 quum
838 661 906 704 non
926 637 972 702 sit
991 643 1086 701 ortus
1106 634 1204 712 solis,
1227 655 1291 697 nee
1310 632 1464 719 proinde

325 784 443 827 aurora
467 758 600 847 proprie
626 757 730 833 dicta3
759 753 849 818 unde
870 750 1031 816 standum
1056 755 1108 814 est
1133 745 1337 812 resolutioni
1367 746 1465 810 data»

326 876 399 940 aS.
422 872 491 938 Rit.
515 871 655 956 Congu,
685 869 720 932 in
747 889 815 932 una
841 865 990 930 Missalis
1017 863 1166 944 romani,
1193 861 1213 924 2
1238 883 1318 924 nov.
1349 859 1461 926 1634.

325 1005 470 1074 nempe:
503 1013 517 1046 u
541 983 578 1048 In
605 981 741 1048 casibus
766 978 950 1069 propositis
976 976 1089 1065 quoad
1115 975 1270 1060 regiones
1298 981 1464 1038 carentes

326 1123 464 1180 aurora,
494 1098 649 1186 (aurora)
684 1095 888 1180 intellipitur
915 1092 1090 1156 moraliter
1118 1090 1158 1152 de
1185 1097 1335 1173 tempore
1365 1088 1465 1172 quod

326 1214 501 1301 aequivalet
525 1220 555 1275 et
584 1210 819 1294 correspondet
846 1228 994 1289 aurore,
1017 1205 1080 1268 hoc
1100 1209 1152 1267 est
1171 1203 1211 1265 de
1230 1201 1373 1265 exordio
1393 1202 1466 1264 diei

326 1329 443 1410 civilis,
467 1325 605 1391 moralis
624 1332 656 1387 et
677 1322 819 1404 inustis,
843 1323 877 1385 in
892 1343 960 1406 quo
978 1319 1129 1383 domines
1148 1315 1299 1410 diluculo
1315 1338 1465 1400 surpere

326 1443 433 1507 solent
464 1441 507 1504 ad
537 1461 650 1524 opera,
675 1439 782 1523 jueta
812 1443 959 1519 receptas
987 1440 1018 1495 et
1044 1430 1249 1516 approbatas
1276 1431 1464 1514 reqionum

327 1554 612 1619 consuetudinem.
639 1579 653 1608 υ

372 1777 439 1845 23.
453 1815 495 1824 -
509 1774 772 1862 Exceptiones
786 1769 1033 1859 apponenda
1045 1767 1125 1856 logi
1138 1768 1187 1836 de
1204 1767 1305 1835 hora
1317 1766 1465 1834 incho-
1575 1723 1576 1812 i

325 1891 421 1960 andi
448 1892 625 1958 missam.

372 2005 404 2068 1⁰
430 2006 506 2090 Ipso
527 2006 613 2090 jure
639 2001 735 2066 adest
762 1999 916 2086 exceptio
943 2021 1003 2086 pro
1031 1998 1136 2062 missa
1162 1994 1379 2061 conventuali
1399 2017 1464 2058 seu

325 2119 466 2183 solemni
490 2117 523 2179 in
544 2122 644 2180 nocte
664 2112 863 2178 Nativitatis
883 2111 1032 2177 Domini.
1059 2149 1104 2158 —
1131 2111 1318 2196 Postquam
1346 2107 1462 2180 enim.

327 2231 482 2294 Rubricae
515 2229 673 2310 missalis,
709 2251 787 2314 pars
821 2225 852 2304 1,
884 2225 938 2290 tit.
972 2245 1034 2306 xv,
1066 2248 1101 2290 n.
1133 2224 1170 2304 2,
1204 2222 1335 2286 dictum
1368 2228 1423 2286 est
1453 2242 1461 2288 :

329 2369 344 2402 α
370 2341 476 2406 Missa
508 2349 622 2406 autem
648 2340 876 2405 conventualis
900 2345 934 2403 et
963 2339 1121 2403 solemnis
1149 2335 1307 2426 sequenti
1338 2335 1464 2400 ordine

327 2455 394 2520 dici
424 2454 536 2520 debet.
574 2453 612 2518 ln
648 2453 743 2518 sestis
781 2452 1016 2540 duplicibus...
1049 2453 1140 2516 dicta
1176 2451 1210 2516 in
1241 2450 1346 2515 choro
1376 2449 1462 2514 hora

327 2569 443 2650 tertia,
471 2574 550 2648 eto,
577 2595 592 2628 v
621 2568 767 2648 additur,
790 2590 824 2631 n.
843 2566 862 2631 4
882 2585 889 2631 2
912 2594 927 2626 u
950 2567 1175 2654 Excipiuntur
1194 2563 1236 2630 ab
1255 2564 1319 2628 hoc
1340 2563 1463 2628 ordine

327 2683 461 2748 dicendi
491 2683 630 2747 missam
657 2680 934 2760 conventualem,
964 2681 1076 2744 missae
1108 2681 1143 2743 in
1170 2679 1360 2744 Nativitatc
1389 2677 1462 2742 Do-

327 2797 427 2880 mini,
446 2821 589 2886 quarum
605 2797 719 2882 prima
733 2795 859 2858 dicitur
873 2803 951 2880 post
972 2795 1117 2858 mediam
1138 2801 1279 2876 noctem,
1295 2793 1395 2856 finito
1416 2792 1463 2855 Tc

327 2913 436 2977 Deum
457 2912 650 2994 laudamus,
673 2910 706 2973 in
728 2909 912 2988 matutin03
939 2909 1100 2990 secunda,
1123 2908 1158 2971 in
1181 2929 1325 2988 aurora,
1349 2913 1417 2972 etc.
1445 2935 1461 2964 v

326 3025 455 3092 Unde:

373 3163 404 3203 a.
427 3137 622 3202 Clarissima
647 3144 700 3202 est
726 3135 905 3223 dispositio
936 3159 996 3223 pro
1027 3135 1133 3199 missa
1160 3133 1375 3198 conventuali
1400 3143 1460 3199 aut

328 3250 480 3332 solemni,
503 3273 608 3336 quum
627 3249 668 3315 de
688 3251 751 3315 hac
771 3250 876 3314 missa
896 3271 1055 3336 expresse
1075 3254 1155 3336 agat
1175 3245 1335 3312 Rubi-ica.

373 3363 407 3426 lv.
442 3362 491 3426 Eo
522 3363 595 3449 ipso
630 3387 648 3428 a
678 3363 855 3450 privilegio
889 3361 1117 3428 excluduntur
1148 3361 1260 3426 missic-
1294 3362 1459 3445 privare,

329 3497 435 3564 quum
453 3475 494 3540 de
514 3475 596 3564 ipsis
616 3477 710 3541 nullo
731 3476 831 3540 modo
852 3483 983 3564 agatur,
1003 3482 1037 3540 et
1057 3475 1198 3563 proinde
1217 3473 1463 3562 relinquuntur

329 3588 393 3656 sub
413 3590 585 3655 communi
609 3590 831 3678 dispositione
855 3589 1013 3671 rubricae,
1041 3590 1138 3672 thid,
1164 3613 1199 3655 n.
1227 3591 1242 3652 i
1271 3607 1317 3653 :u
1352 3588 1460 3676 Missa

324 3705 501 3791 privata...
525 3726 738 3792 quacumque
765 3703 846 3769 hora
870 3705 913 3768 al)
937 3727 1062 3770 aurore
1088 3727 1194 3790 usque
1218 3705 1261 3768 ad
1282 3703 1457 3767 meridiem

329 3817 396 3882 dici
415 3823 539 3904 potest.
567 3845 581 3876 υ
601 3816 699 3884 Unde
718 3816 926 3904 prohibitum
951 3826 1003 3882 est
1025 3817 1194 3882 celebrare
1225 3817 1368 3882 missam
1392 3817 1460 3904 pri-

329 3937 443 3996 vatam
469 3931 503 3994 in
530 3937 629 3996 nocte
656 3931 855 4022 Natiyitatis
886 3931 1034 3996 Domini.
1062 3929 1232 3995 Ceterum
1256 3931 1320 3995 hoc
1344 3929 1458 3996 decla—

329 4043 515 4110 ratumluit
526 4043 653 4132 pluries
666 4067 684 4109 a
697 4044 732 4112 S.
748 4044 818 4110 Rit.
834 4045 974 4131 Congu,
989 4068 1022 4110 v.
1041 4067 1089 4132 g.‚
1107 4045 1142 4107 in
1154 4067 1222 4109 una
1238 4045 1360 4109 Trium
1381 4047 1459 4109 mis-

361 4291 368 4324 ¹
383 4289 496 4338 Decreta
510 4287 674 4341 authentica.
691 4303 717 4338 n.
731 4291 790 4348 til-t,
806 4291 825 4337 t.
842 4305 861 4348 ι,
878 4305 905 4352 p.
920 4293 971 4338 ns.
