3246 5026
390 486 435 536 DE
454 485 568 536 AErlru
588 483 772 536 PUERORUM
792 483 836 535 ln
855 483 1105 536 COMMUNIONEM
1258 486 1309 538 3⁰7

179 629 307 716 singuli
331 635 366 694 et
392 629 570 718 privatim,
592 627 653 694 sed
683 627 784 692 simul
813 635 945 694 etcum
974 629 1121 694 maxima
1149 653 1215 718 qua
1238 631 1311 696 fieri

179 749 293 832 potest
325 741 552 808 solemnitate.
585 743 693 808 Nemo
722 749 838 808 autem
872 743 980 808 nescit
1007 749 1154 831 quantos
1181 743 1311 812 fructus

179 866 214 922 et
243 881 304 946 pro
324 857 454 946 pueriS,
486 865 520 922 et
546 879 607 945 pro
638 855 852 944 parentihuS,
881 865 915 922 et
944 881 1005 946 pro
1031 864 1104 924 tota
1134 859 1309 947 parochia,

180 993 296 1036 secum
322 971 441 1036 alterat
472 971 537 1036 ista
563 969 790 1050 consuetudo;
812 971 903 1036 unde
930 978 964 1035 et
996 972 1031 1035 in
1063 949 1147 1037 alias
1175 996 1311 1063 quoque

180 1085 336 1172 regiones
355 1085 478 1149 diffusa
498 1091 561 1150 est.
587 1123 631 1132 —-
653 1083 736 1166 Sed,
761 1107 800 1148 eo
824 1084 914 1171 ipso,
933 1093 1032 1151 enata
1053 1093 1106 1151 est
1124 1089 1311 1164 necessitas

181 1198 445 1281 determinandi,
468 1198 569 1263 modo
596 1198 762 1284 generali,
789 1221 850 1285 pro
877 1199 1035 1265 omnibus
1059 1202 1172 1288 pueris
1196 1201 1311 1289 singu-

181 1314 291 1378 larum
311 1311 563 1401 parochiarum,
586 1312 654 1376 imo
670 1319 704 1376 et
723 1312 828 1378 totius
848 1311 1021 1394 dioecesiS,
1044 1319 1179 1380 aetatem
1193 1315 1309 1401 praeci-

181 1450 270 1509 sam,
303 1425 390 1492 inira
418 1447 521 1514 quam
545 1425 661 1490 nullus
686 1425 820 1490 admitti
850 1427 960 1513 possit
984 1427 1027 1492 ad
1046 1427 1190 1515 primam
1217 1449 1311 1493 eom-

184 1541 379 1606 munionem
406 1561 414 1606 :
454 1538 546 1626 quod
579 1546 613 1604 et
651 1538 759 1606 iecere
798 1541 948 1628 episcopi
991 1541 1025 1605 in
1068 1564 1129 1606 sua
1167 1541 1312 1630 quisque

181 1654 335 1736 dioecesi,
358 1655 426 1718 imo
446 1661 480 1718 et
498 1652 681 1742 aliquando
713 1653 855 1718 concilia
882 1653 1113 1741 provincialia.
1143 1694 1186 1704 —
1215 1655 1312 1721 Insu-

182 1791 253 1854 per,
283 1768 317 1832 in
344 1767 473 1850 Gallia,
505 1765 652 1854 parocho
679 1773 888 1848 reservatur,
920 1767 1058 1833 excluso
1087 1767 1309 1850 confessario,

179 1883 238 1970 jus
256 1881 458 1947 admittendi
473 1903 596 1970 pueros
615 1880 658 1946 ad
672 1881 816 1968 primam
836 1881 1120 1947 communionem.

228 1997 263 2060 2⁰
278 1995 502 2082 Leqitimitas.
527 2033 570 2044 -
591 1994 747 2060 Dubitari
767 1995 886 2084 nequit
912 1995 953 2060 de
979 1995 1195 2082 legitimitate
1222 1995 1313 2060 illius

183 2109 492 2192 determinationis,
516 2109 716 2174 auctoritate
732 2109 916 2197 episcopali
937 2108 1050 2190 lacte,
1073 2109 1160 2174 cirea
1179 2115 1314 2174 aetatem

185 2225 228 2289 ad
253 2224 398 2313 primam
424 2222 698 2288 communionem
725 2223 940 2310 requisitam,
969 2222 1069 2287 modo
1096 2222 1171 2288 duae
1197 2222 1315 2288 condi-

185 2337 294 2403 tiones
331 2343 522 2403 serventur.
543 2375 588 2385 ——
611 2337 714 2418 Nam,
744 2337 863 2424 procul
896 2336 1014 2420 dubio,
1046 2337 1234 2426 Episcopus
1264 2343 1317 2402 est

186 2453 304 2534 etiam,
327 2452 395 2516 imo
416 2452 524 2539 primo
544 2450 618 2516 loco
639 2451 803 2537 proprius
822 2451 880 2516 ille
899 2452 1071 2536 sacerdos,
1094 2452 1135 2516 de
1159 2474 1226 2540 quo
1246 2451 1317 2539 agit

188 2567 222 2630 in
247 2567 305 2632 cit.
333 2587 407 2653 cap.
439 2564 619 2630 concilium
652 2565 905 2630 Lateranense:
939 2593 954 2624 α
1049 2565 1123 2630 Nisi
1152 2564 1254 2648 lorte,
1277 2566 1316 2629 de

182 2681 319 2767 proprii
341 2680 523 2745 sacerdotis
547 2679 702 2762 consilio,
731 2679 774 2743 oh
793 2679 948 2764 aliquam
973 2679 1210 2744 rationabilem
1235 2701 1315 2744 cau-

183 2818 269 2879 sam,
291 2795 336 2858 ad
355 2801 503 2879 tempus,
526 2794 569 2857 ah
595 2792 796 2878 hujusmodi
816 2792 1029 2878 perceptione
1053 2793 1191 2856 duxerit
1210 2792 1317 2857 abati·

186 2909 355 2990 nendum;
377 2933 393 2967 n
422 2929 501 2994 ergo
530 2905 688 2995 Episcopi
714 2911 784 2986 est,
805 2927 874 2996 prae
899 2905 1073 2987 omnibus,
1096 2903 1248 2993 judicare
1275 2905 1317 2971 de

183 3029 284 3087 rutate
311 3043 377 3109 qua
404 3020 500 3108 pueri
520 3019 647 3101 solent,
670 3019 705 3084 in
731 3042 792 3085 sua
817 3019 971 3100 dioecesi,
994 3018 1195 3085 discretione
1224 3017 1316 3084 sulfi-

184 3135 288 3200 cienti
307 3133 436 3225 pollere
455 3132 498 3198 ad
518 3133 773 3222 percipiendum
793 3155 870 3198 eum
895 3133 1007 3199 fructu
1035 3133 1317 3222 augustissimum

185 3253 451 3328 sacramentum
486 3247 624 3334 insuper
651 3245 773 3312 habere
806 3254 921 3334 potest
952 3247 1168 3314 rationabiles
1201 3270 1317 3314 causas

183 3361 399 3451 aliquatenus
432 3360 608 3427 differendi
642 3361 786 3449 primam
820 3363 1108 3444 communionem,
1138 3385 1170 3428 v.
1201 3387 1249 3450 g.,
1278 3339 1317 3428 ut

186 3475 249 3540 hoc
277 3483 527 3541 sacramentum
552 3474 710 3540 omnibus
742 3475 843 3540 simul
869 3475 983 3564 pueris
1015 3475 1116 3540 unius
1149 3475 1316 3563 parochia·

186 3589 442 3656 administretur
460 3589 559 3655 unica
578 3597 613 3656 et
632 3589 776 3654 solemni
796 3588 992 3670 festivitate,
1009 3588 1112 3671 unde,
1130 3597 1168 3653 ut
1187 3588 1316 3653 dictum

185 3711 255 3785 est,
276 3703 414 3769 inaximi
434 3703 563 3769 fructus
587 3703 807 3792 proveniunt;
829 3740 873 3752 —
892 3709 931 3768 ut
950 3701 1045 3790 pueri
1064 3701 1122 3790 qui
1142 3709 1313 3784 tenentur,

185 3825 265 3883 ante
284 3818 428 3906 primam
447 3817 733 3897 communionem,
751 3815 965 3882 catechismis
985 3816 1160 3898 interesse,
1182 3816 1316 3904 plenius

186 3939 220 3996 et
239 3932 369 3997 firmius
388 3933 594 3997 edoceantur
618 3953 749 3996 sacram
774 3929 979 4010 doctrinam,
1001 3952 1041 3995 eo
1061 3930 1186 4016 magis,
1209 3929 1313 4018 quod,

186 4053 321 4133 peracta
347 4046 453 4112 semel
480 4046 590 4133 prima
617 4044 872 4126 communione,
904 4041 1128 4110 catechismos
1161 4043 1316 4109 deserere

184 4158 308 4224 solent.
336 4159 426 4246 Ergo
453 4159 511 4246 jus
543 4158 644 4224 habet
678 4158 864 4247 Episcopus
895 4156 1141 4224 determinandi
1179 4163 1315 4252 aetatem

184 4272 272 4338 inira
297 4295 400 4361 quam
427 4273 542 4338 nullus
568 4273 767 4338 admittatur
793 4273 835 4337 ad
861 4273 1004 4360 primam
1028 4273 1312 4340 communionem.
