3246 5026
304 464 357 518 336
608 465 652 516 DE
671 465 887 518 stucnssnio
907 465 1129 520 senatumne

348 616 378 698 s.
401 610 571 689 Quaeritur
589 632 672 675 num
692 618 827 697 rumpat
841 609 1009 698 jejunium
1030 610 1088 697 qui
1107 611 1199 676 lavat
1218 612 1434 678 stomachum

302 749 368 814 ope
392 724 502 792 tubuli
528 724 665 812 (pompe
687 724 899 813 partirique),
920 747 980 813 per
1003 747 1122 812 quem,
1144 725 1324 792 artificiose
1348 727 1433 791 insi-

303 846 462 920 nuatum,
489 861 576 926 aqua
603 839 799 927 projiciatur
824 839 858 902 in
888 837 1118 922 stomachum,
1147 846 1181 904 et
1208 839 1287 906 inde
1312 849 1432 928 postea

300 976 380 1018 eum
399 953 552 1040 reliquiis
572 953 723 1018 ciborum
739 952 925 1040 rejiciatur3
943 953 1105 1040 quaeritur
1123 975 1247 1042 nempe
1261 977 1343 1020 num
1359 955 1433 1022 haec

299 1067 451 1154 sumptio
482 1089 594 1154 aquen,
628 1067 693 1132 isto
727 1066 827 1132 modo
857 1073 1011 1153 peracta,
1041 1067 1153 1134 solvat
1176 1067 1356 1157 jejunium.
1386 1108 1432 1119 —

302 1183 400 1268 Hesp.
419 1204 432 1248 .·
461 1184 490 1245 1.
521 1181 557 1246 Si
584 1178 740 1261 tubuluS,
761 1187 801 1246 ut
827 1160 951 1268 saepius
974 1183 1013 1246 fit
1037 1181 1154 1268 primis
1177 1181 1328 1266 vicibus,
1354 1184 1431 1250 oleo

300 1293 520 1383 amygdalino
536 1294 580 1359 sit
595 1293 719 1376 illitus,
736 1300 774 1359 ut
789 1293 921 1359 facilius
936 1293 1136 1360 demittatur
1150 1295 1184 1358 in
1200 1296 1429 1379 stomachum,
1523 1351 1529 1362 .

300 1410 439 1475 difficile
464 1417 516 1475 est
540 1432 608 1473 non
633 1407 720 1472 solvi
740 1407 925 1494 jejunium,
947 1431 1016 1472 non
1037 1431 1098 1496 per
1123 1431 1264 1497 aquam,
1287 1411 1347 1476 sed
1371 1433 1433 1498 per

298 1525 431 1604 oleum,
448 1523 539 1611 quod
559 1544 600 1587 ex
619 1528 715 1609 parte
730 1529 886 1610 gustetur
905 1529 939 1588 et
957 1522 1149 1604 sorbeatur;
1166 1561 1210 1572 -
1224 1523 1256 1588 2.
1274 1523 1312 1590 Si
1331 1523 1431 1590 tubu-

301 1637 355 1702 lus
370 1638 444 1703 oleo
464 1637 594 1702 nonsit
612 1636 737 1718 illitus,
755 1643 838 1724 puto
852 1659 921 1702 non
942 1637 1029 1702 solvi
1043 1636 1229 1724 jejunium3
1247 1638 1324 1726 quis
1339 1640 1431 1704 enim

300 1753 391 1818 dicat
405 1751 593 1834 infirmum,
611 1751 652 1816 de
668 1773 736 1838 quo
751 1751 874 1838 agitur,
893 1749 1046 1816 hausisse
1062 1773 1185 1838 aquam
1205 1774 1270 1837 per
1289 1753 1431 1818 modum

264 1937 267 1944 ,
296 1875 416 1954 potus,
438 1889 498 1930 seu
522 1866 645 1931 bibisse
669 1865 842 1950 aquam?
865 1865 936 1928 Nee
956 1865 1161 1930 contrarium
1182 1873 1234 1931 est
1257 1865 1430 1932 indultum

301 1981 392 2070 quod
412 1981 574 2047 Sanctum
599 1978 773 2060 Officium,
795 1984 854 2043 aut
876 1979 990 2066 potius
1014 1979 1056 2044 R.
1080 1979 1237 2045 Pontifex
1261 1980 1430 2046 concessit

299 2095 434 2160 cuidam
464 2092 649 2175 sacerdoti,
683 2093 742 2180 qui
769 2091 942 2158 licentiam
973 2093 1163 2180 postulavit
1190 2108 1209 2159 a
1242 2093 1277 2160 S.
1308 2094 1429 2160 Officio

299 2207 417 2274 utendi
437 2207 500 2272 hac
525 2207 692 2272 stomachi
716 2205 889 2272 ablutione
908 2212 987 2270 ante
1013 2207 1125 2271 missae
1146 2206 1425 2290 celebrationem

299 2322 353 2388 cui
373 2342 576 2407 responsum
596 2319 660 2386 fuit
679 2319 762 2386 feria
777 2320 836 2404 IV,
854 2321 896 2388 23
916 2320 1033 2408 aprilis
1055 2319 1165 2388 1890:
1190 2348 1205 2380 ι(
1228 2321 1428 2410 Supplican-

299 2436 381 2501 dum
404 2435 626 2501 Sanctissimo
646 2459 708 2522 pro
726 2436 852 2522 gratia,
869 2435 968 2524 juxta
982 2457 1111 2524 preces,
1133 2473 1178 2486 —-
1198 2435 1325 2501 Eadem
1345 2435 1428 2504 [cria

298 2559 333 2615 et
358 2549 411 2616 die
436 2549 680 2616 Sanctissimus
704 2549 850 2636 benigne
874 2550 994 2615 annuit
1021 2573 1083 2638 pro
1111 2551 1253 2637 gratia&
1290 2579 1305 2612 o
1334 2553 1425 2634 Hoc,

299 2665 455 2752 inquam,
476 2664 647 2731 indultum
666 2687 735 2728 non
755 2663 961 2729 contrarium
982 2670 1034 2728 est
1054 2664 1205 2751 opinioni
1223 2665 1423 2751 propositam

298 2786 372 2844 tum
391 2780 469 2868 quia
490 2803 557 2844 non
577 2778 680 2844 solvit
698 2777 839 2842 dubium
858 2761 1098 2859 theoretioum‚
1117 2776 1208 2865 quod
1228 2800 1296 2842 non
1316 2777 1427 2844 iuerat

294 2893 332 2960 S.
356 2894 474 2960 Officio
494 2895 722 2981 propositum,
739 2900 812 2958 tum
832 2892 927 2979 quia,
949 2899 988 2956 ut
1006 2900 1126 2958 notum
1146 2899 1214 2971 est,
1237 2915 1326 2981 saepe
1345 2915 1425 2958 con-

298 3009 465 3074 ceduntur
483 3007 614 3074 indulta
633 3007 675 3072 ad
700 3005 867 3072 sedandos
887 3007 1076 3095 scrupulos.
1100 3005 1172 3070 Imo
1196 3005 1260 3070 hoc
1284 3029 1425 3095 respon-

297 3146 373 3187 sum
387 3122 500 3210 potius
520 3121 611 3188 favet
626 3121 724 3186 diotae
744 3119 911 3208 opinioni,
928 3120 1024 3207 quia,
1041 3119 1070 3185 si
1084 3118 1249 3186 Sanctum
1264 3119 1424 3188 Officium

294 3242 449 3324 putasset
473 3235 535 3300 hoc
559 3235 658 3299 modo
683 3233 769 3300 solvi
790 3233 976 3322 jejunium,
1002 3243 1164 3299 nontam
1190 3233 1287 3300 facile
1313 3257 1425 3300 sacer-

235 3353 238 3359 ’
295 3349 367 3414 doti
387 3349 610 3414 concessisset
629 3347 800 3413 indultum
819 3355 1020 3437 perpetuum
1038 3354 1159 3412 utnon
1175 3347 1315 3437 jejunus
1333 3348 1424 3413 cele-

293 3463 370 3528 bret
388 3463 540 3530 missam.
815 3457 817 3462 ’

341 3744 437 3812 177.
475 3781 518 3793 -
555 3743 817 3830 Exceptiones
858 3741 938 3828 legi
976 3739 1121 3828 jejunii
1167 3739 1423 3811 eucharistici

293 3857 553 3946 apponendae.
575 3895 619 3906 —-
640 3857 699 3922 Hre
724 3855 940 3944 exceptiones
966 3855 1151 3942 respiciunt
1174 3853 1248 3919 aliie
1271 3855 1423 3922 celebra-

327 4118 391 4168 ¹1ta
412 4118 494 4168 etiam
516 4115 541 4168 n
562 4115 695 4166 Monitore
714 4114 906 4174 eeclesiastico,
930 4118 951 4164 t.
972 4129 1011 4172 rx,
1032 4128 1075 4163 an.
1097 4117 1258 4172 1895-1896,
1283 4119 1355 4176 part.
1380 4113 1420 4172 n,

290 4215 320 4263 p.
337 4201 464 4258 tsi-1843
480 4223 510 4236 -
526 4196 684 4254 Canoniste,
702 4199 720 4244 t.
736 4209 782 4254 xx,
799 4209 841 4244 an.
857 4199 925 4255 1897,
942 4209 969 4258 p.
987 4197 1109 4242 tte-itt.

324 4279 373 4328 ²11
386 4279 532 4336 Munitore,
550 4277 615 4326 ibid.
668 4351 670 4356 ι
