3246 5026
353 533 405 584 372
836 535 880 585 DE
899 533 998 586 tussa

351 678 389 736 ad
406 699 500 759 quam
515 676 640 736 insimul
657 676 820 736 universus
840 678 975 758 populus
990 679 1158 738 convenire
1178 699 1241 738 non
1259 685 1378 760 potest,
1396 678 1482 742 utin

352 773 472 854 synodo
489 773 703 834 Nemausensi.
722 773 762 832 Hi
778 773 894 854 quippe
914 775 977 835 duo
997 795 1086 834 casus
1108 773 1218 834 eodem
1235 775 1306 856 jure
1329 775 1481 835 censendi

350 879 439 942 sunt,
466 869 510 929 uti
536 869 691 950 praecipue
715 868 852 929 advertit
875 869 1067 951 Theophilus
1092 869 1272 950 Raynaldus
1296 877 1373 931 tom.
1399 892 1478 940 xvu,

352 965 505 1052 Operum,
523 965 669 1025 editionis
686 965 917 1045 Lugdunensis,
935 987 1004 1048 pag.
1019 969 1048 1026 8.

390 1063 466 1131 Quae
486 1062 546 1122 huc
566 1083 664 1142 usque
684 1061 767 1122 dicta
789 1069 877 1134 sunt,
898 1063 1056 1122 canonicis
1078 1063 1170 1123 etiam
1194 1063 1390 1143 generalibus
1409 1084 1482 1124 san·

350 1157 506 1217 ottonibus
530 1157 717 1217 innituntur.
745 1156 853 1237 Neque
879 1177 953 1216 vero
982 1157 1102 1237 copiam
1128 1157 1345 1218 ecclesiasticas
1372 1157 1481 1217 erudi-

351 1255 445 1314 tionis
463 1253 705 1327 ostentabimuS,
728 1260 762 1312 ut
782 1252 942 1331 cognitum
969 1252 999 1312 id
1023 1263 1284 1335 perspectumque
1307 1253 1477 1327 faciamus,

349 1351 432 1432 quod
454 1359 557 1410 tamen
577 1348 659 1409 lacili
679 1349 819 1428 negotio,
842 1349 866 1407 si
890 1369 968 1428 opus
989 1356 1086 1422 esset,
1108 1371 1382 1432 consequeremur,
1403 1370 1478 1410 cum

348 1447 411 1506 duo
435 1445 575 1527 praeclari
599 1446 766 1525 scriptores
790 1445 955 1526 postremis
975 1445 1023 1504 his
1046 1447 1239 1527 temporibus
1261 1445 1481 1526 congesserint

348 1563 437 1603 casus
453 1563 575 1614 omnes,
593 1541 722 1622 quibus,
739 1548 811 1601 ante
827 1540 998 1601 decretales
1015 1542 1278 1622 praedecessorum
1295 1549 1479 1602 nostrorum

348 1639 509 1698 Innocenti
526 1637 570 1695 lll
587 1645 680 1718 atquc
697 1635 829 1696 Honorii
847 1636 909 1711 111,
925 1637 1029 1718 plures
1045 1658 1107 1698 uno
1127 1638 1177 1698 die
1192 1639 1294 1698 missae
1309 1638 1348 1698 ab
1363 1637 1478 1698 eodem

347 1733 506 1796 sacerdote
521 1733 728 1794 celebrantur.
748 1733 786 1792 Hi
803 1742 876 1792 sunt
890 1735 1130 1794 Sainteheuvins
1146 1743 1220 1795 tom.
1238 1756 1281 1808 ru,
1299 1733 1479 1794 Resolutio-

347 1853 422 1892 num
442 1851 572 1892 casuum
591 1827 804 1906 conscientiae,
822 1851 883 1889 cas.
903 1851 1023 1904 aarum,
1045 1838 1076 1890 et
1093 1829 1207 1890 Pontus
1226 1831 1258 1889 in
1276 1829 1478 1892 Dictionario

346 1949 474 1988 casuum
496 1925 708 2002 conscientiae,
728 1927 757 1984 in
774 1925 860 1985 verb.
878 1923 973 1984 missa
980 1972 989 2002 ‚
1007 1947 1069 1986 cas.
1087 1947 1134 1986 xv.
1153 1927 1199 1985 De
1220 1925 1279 1986 hoc
1299 1927 1368 2006 ipso
1384 1947 1478 2004 argu·

347 2029 452 2081 mento
477 2021 652 2082 luculenter
675 2021 821 2082 disseruit
840 2021 880 2094 is,
902 2020 955 2100 qui
980 2021 1043 2080 suis
1067 2020 1322 2082 adnotationibus
1347 2021 1478 2081 undeci-

346 2135 427 2176 mam
452 2118 549 2177 sancti
574 2117 685 2177 Leonis
709 2117 871 2198 epistolam
897 2115 1079 2191 illustravit,
1094 2117 1184 2198 juxta
1207 2117 1379 2177 editionem
1403 2138 1477 2198 quae

346 2211 456 2271 ultimo
472 2212 552 2271 lacta
565 2221 622 2273 est.
642 2213 688 2272 De
703 2213 771 2293 ipso
787 2233 844 2272 nos
859 2233 984 2294 quoque
1000 2213 1093 2272 verba
1114 2213 1244 2272 lecimus
1258 2213 1291 2272 in
1307 2211 1478 2273 Commen-

346 2305 426 2367 tario
446 2306 484 2366 de
502 2305 592 2386 sestis
613 2306 727 2367 diebus
743 2307 874 2367 Domini
889 2307 990 2368 nostri
1004 2329 1040 2368 ac
1056 2309 1161 2368 Beatee
1182 2307 1326 2390 Virginis
1341 2307 1473 2386 diarias,

345 2411 425 2484 part.
450 2403 479 2476 l,
502 2423 532 2462 n.
558 2405 617 2464 667
637 2425 683 2484 sq.
711 2404 935 2478 Quamobrem,
962 2403 1009 2463 his
1031 2405 1261 2484 praetermissiS,
1284 2404 1363 2464 illud
1386 2403 1475 2464 affir-

345 2499 498 2559 mabimus
513 2520 550 2558 ex
566 2500 724 2560 communi
742 2501 838 2560 totius
854 2499 999 2561 Ecclesiae
1014 2499 1177 2581 disciplina
1192 2501 1331 2581 permitti
1348 2507 1475 2560 tantum

343 2594 558 2656 sacerdotibus
581 2593 640 2655 hoc
663 2603 819 2677 tempore,
844 2603 878 2655 ut
899 2595 949 2654 die
973 2595 1076 2656 Natali
1097 2595 1267 2656 Salvatoris
1292 2595 1399 2656 Nostri
1426 2603 1475 2656 ter

343 2713 465 2752 sacrum
480 2692 612 2765 saciant,
630 2691 678 2751 vel
694 2693 767 2773 quia
782 2692 961 2752 institutum
977 2691 1007 2750 id
1025 2691 1083 2751 luit
1097 2713 1113 2751 a
1130 2691 1161 2751 S.
1179 2691 1373 2770 Telesphoro
1389 2691 1474 2751 Pon-

344 2787 444 2862 tificc,
478 2795 511 2847 ut
540 2809 607 2848 eam
636 2787 850 2847 celebritatem
879 2785 1027 2864 singulari
1056 2786 1174 2846 honore
1203 2795 1474 2867 prosequerentur

343 2883 460 2956 fideles,
474 2883 518 2942 uti
532 2883 670 2942 ostendit
683 2903 782 2942 canon
792 2882 890 2942 Nocte
903 2889 1022 2958 sancta,
1037 2881 1082 2941 De
1092 2880 1336 2957 consecratione,
1350 2881 1425 2942 dist.
1441 2883 1471 2954 1;

342 2978 390 3038 vel
407 2979 478 3059 quia
491 2979 529 3052 (si
545 2977 671 3058 plurimi
688 2977 826 3038 facienda
844 2977 1010 3036 videantur
1024 2985 1216 3055 argumenta,
1230 2975 1344 3057 quibus
1359 2985 1473 3037 auctor

340 3073 550 3154 Telesphorus
583 3073 666 3132 illius
700 3073 827 3133 canonis
861 3073 1080 3152 impugnatur)
1109 3091 1219 3151 parens
1250 3091 1286 3130 ac
1319 3072 1471 3150 magistra

340 3169 469 3229 ecclesia
486 3189 555 3228 eum
572 3169 666 3227 ritum
682 3168 732 3228 die
749 3167 851 3227 Natali
868 3166 993 3226 Domini
1014 3165 1261 3226 conservandum
1276 3167 1416 3239 censuit,
1436 3177 1472 3226 ut

339 3263 472 3342 posteris
494 3272 646 3342 perpetuo
669 3262 900 3323 commendaret
921 3269 1056 3322 veterem
1079 3261 1288 3342 disciplinam,
1310 3261 1352 3321 ob
1372 3281 1470 3341 quam

339 3355 484 3416 sacerdos
500 3357 581 3416 idom
599 3359 687 3438 plurn
703 3378 788 3418 sacra
804 3357 1003 3428 conficiebat,
1019 3377 1089 3416 cum
1104 3357 1155 3415 alii
1169 3375 1294 3437 quoque
1310 3355 1384 3416 festi
1400 3355 1471 3415 dies

338 3473 524 3534 perannum
540 3453 755 3515 occurrebant.
774 3453 806 3513 ld
825 3473 881 3512 nos
897 3453 1081 3512 testimoniis
1094 3451 1306 3530 praestantium
1323 3453 1469 3512 virorum

338 3547 545 3608 indicavimus
567 3548 598 3608 in
620 3549 853 3609 Commentario
876 3555 999 3620 nostro,
1020 3545 1111 3626 quod,
1124 3545 1265 3624 superius
1286 3547 1470 3607 nominavi·

340 3664 424 3718 mus,
442 3652 521 3725 part.
541 3643 569 3718 l,
588 3665 618 3704 n.
635 3645 693 3704 065
710 3665 755 3726 sq.

378 3739 516 3820 Excepta
529 3739 578 3798 die
591 3739 753 3799 dominicae
768 3739 958 3812 Nativitatis,
969 3739 1058 3820 juxta
1071 3735 1250 3796 hodiernam
1263 3736 1469 3816 disciplinam

337 3855 399 3894 non
424 3835 498 3895 licet
521 3834 675 3895 sacerdoti
699 3835 809 3894 eodem
833 3834 882 3894 die
909 3834 1091 3894 sacrificium
1115 3832 1237 3892 iterare.
1265 3833 1468 3910 Argumenta

339 3931 466 3990 minime
481 3931 672 3990 desumimus
688 3951 725 3990 ex
739 3930 865 3990 decreto
882 3929 1048 3990 Alexandri
1065 3929 1156 4009 Papae
1173 3927 1216 3996 ll,
1229 3947 1298 3986 can.
1315 3925 1467 4010 Sufficit,

338 4027 384 4086 Dc
408 4025 655 4103 consecratione,
679 4025 751 4086 dist.
778 4026 806 4095 1,
832 4025 884 4084 ubi
905 4024 1050 4084 Pontifex
1076 4025 1116 4084 ita
1138 4021 1302 4082 decrevit:
1329 4021 1471 4107 Sufficit

336 4121 493 4184 sacerdoti
518 4141 613 4181 cirtam
638 4119 767 4180 nrr'ssam
791 4119 822 4179 in
848 4119 901 4180 die
926 4141 987 4180 una
1010 4117 1183 4193 celebrare,
1208 4115 1284 4199 quia
1311 4117 1469 4182 Christus

334 4217 431 4279 semel
450 4237 565 4298 passus
589 4223 649 4293 est,
667 4221 696 4275 et
720 4223 817 4275 totum
840 4213 991 4275 narrandum
1015 4213 1155 4275 redemit.
1173 4211 1244 4272 Non
1267 4212 1398 4274 modica
1415 4237 1469 4276 rea

334 4319 394 4386 est,
414 4332 508 4370 unam
531 4309 660 4371 mr'saam
683 4309 808 4390 sacere;
823 4319 852 4371 et
874 4309 964 4370 valde
983 4309 1066 4390 [elic
1088 4315 1146 4387 est,
1163 4305 1221 4389 qui
1241 4325 1339 4366 unam
1362 4308 1469 4392 digne
