3174 5046
328 463 362 517 48
811 463 855 513 DE
873 463 973 514 MISSA

328 609 436 690 ltalia,
461 608 627 688 Helvetia,
651 608 775 672 Bosnia
794 613 829 670 et
848 607 1098 693 Herzegovina,
1121 605 1350 688 Dauimarka,
1372 608 1461 674 Sue-

327 724 383 789 via
412 730 447 788 el
474 722 660 808 Norvegia,
691 720 825 803 Serbin,
858 727 922 786 ele.
953 719 1081 785 Eodem
1108 720 1208 784 modo
1241 721 1343 786 tertia
1373 746 1461 788 zona

329 835 430 901 habel
455 858 552 900 sunm
581 835 699 899 horam
725 835 888 921 legalem,
917 857 993 921 quae
1022 832 1155 898 duobus
1183 833 1275 898 horis
1294 836 1460 922 praeeedit

328 951 445 1015 horam
471 948 740 1030 Londinensem,
766 955 801 1013 el
832 948 955 1012 dicitur
983 948 1067 1012 bore
1094 949 1241 1033 Europe
1266 949 1458 1034 orientalis,

328 1086 431 1152 quem
457 1063 662 1151 adoptarunt
688 1061 864 1148 Bulgaria,
894 1062 1099 1143 Ronmanis,
1122 1061 1269 1127 Turohia
1289 1063 1461 1152 Europaea
1531 1137 1539 1148 ‚
1576 1095 1577 1168 ᾗ

329 1184 362 1244 et
382 1179 566 1266 AEgyptus.
590 1176 632 1241 Et
652 1175 700 1240 sio
720 1175 760 1240 de
781 1182 902 1263 quarta
921 1197 1005 1239 zona
1029 1181 1064 1240 el
1088 1174 1398 1263 subsequentibus,
1427 1187 1461 1242 et

328 1293 374 1358 ita
395 1291 513 1356 horam
528 1312 688 1355 zonarum
708 1287 1046 1376 correspondenlium
1070 1288 1321 1376 adoptaverunt
1354 1292 1463 1356 etiam

328 1406 367 1470 Jn
394 1404 486 1486 onia,
516 1402 632 1468 Status
659 1401 829 1467 Foederali
854 1402 1021 1467 Amerioae
1046 1402 1341 1489 septentrionalis,
1365 1405 1463 1490 regio

330 1517 563 1596 CanndiensiS,
582 1521 647 1580 etc.
662 1518 684 1580 ¹.
699 1515 795 1580 Hanc
815 1522 929 1579 autem
945 1514 1062 1579 horam
1082 1517 1268 1600 sonariam,
1291 1517 1342 1581 uli
1356 1540 1463 1582 voca-

329 1639 396 1711 tur,
424 1629 576 1694 indicant
598 1628 773 1714 horologia
801 1629 934 1694 viarum
963 1629 1166 1711 ferrearum,
1201 1637 1235 1695 et
1263 1631 1387 1710 elium,
1426 1633 1463 1696 in

330 1743 446 1808 multis
466 1743 561 1823 lociS,
583 1743 631 1806 sic
647 1741 848 1829 jubentibus
859 1742 1033 1829 guberniis
1053 1751 1111 1808 aul
1130 1743 1336 1831 municipiis,
1356 1745 1464 1810 horo-

329 1859 419 1946 logia
438 1857 602 1946 plurium,
626 1855 724 1920 sinon
744 1856 912 1938 omnium,
935 1856 1122 1921 officiorum
1146 1855 1393 1944 publicorum³.
1415 1899 1464 1906 —

330 1973 499 2054 Quaeritur
523 1995 602 2058 ergo
623 1978 737 2036 ulrum
757 1970 874 2035 fideles
894 1976 927 2034 et
946 1970 1076 2052 elerici,
1100 1971 1135 2034 in
1155 1970 1223 2035 illis
1246 1971 1347 2052 locis,
1381 1995 1463 2060 pos-

330 2087 398 2151 sint
418 2085 514 2173 sequi
541 2085 626 2149 bunc
650 2084 768 2149 horam
788 2084 823 2148 in
848 2084 1024 2149 servandis
1044 2084 1178 2171 legibus
1202 2084 1460 2152 ecelesiasticis

330 2200 435 2264 Porro
462 2197 551 2262 idem
578 2197 852 2285 respondendum
879 2205 931 2262 est
951 2221 989 2262 nc
1009 2221 1069 2286 pro
1085 2196 1167 2262 horn
1187 2198 1306 2284 legali,
1329 2198 1372 2264 de
1391 2223 1463 2287 qua

330 2334 431 2399 snpra
458 2311 675 2392 dictumest,
705 2333 827 2398 nempe
842 2333 940 2396 poseo
964 2310 1082 2376 fideles
1107 2311 1204 2399 sequi
1223 2311 1343 2376 horam
1357 2336 1463 2378 zonn-

329 2427 430 2506 riam,
460 2423 519 2488 sed
547 2447 613 2490 non
640 2426 756 2490 teneri.
787 2425 875 2490 Nam
897 2443 905 2490 τ
926 2429 963 2490 l.
987 2423 1123 2489 Eaedem
1143 2448 1282 2512 prorsus
1305 2427 1462 2493 rationes

330 2529 404 2626 quoe
437 2537 586 2602 militant
616 2562 676 2626 pro
704 2539 785 2602 hom
805 2537 924 2625 legali,
951 2539 1100 2602 militant
1127 2539 1246 2620 eliam,
1268 2546 1307 2604 ut
1334 2563 1395 2628 per
1421 2564 1461 2606 se
1533 2605 1536 2610 ,
1576 2523 1577 2600 l

328 2657 439 2740 patet,
468 2674 529 2739 pro
563 2651 646 2716 hora
671 2651 821 2730 nonaria,
850 2675 888 2716 eo
913 2651 1022 2738 magis
1046 2651 1153 2739 quod,
1184 2653 1287 2716 eliam
1313 2652 1349 2717 in
1374 2653 1461 2718 locis

329 2767 488 2832 endromis
530 2763 798 2852 uniuscujusque
839 2788 946 2844 nonne,
990 2765 1072 2830 hora
1113 2765 1246 2830 nonaria
1278 2789 1460 2855 nunquam

330 2880 468 2946 distabit
494 2879 537 2945 ab
563 2879 645 2945 horn
673 2879 774 2944 locali
803 2880 894 2945 ultra
913 2879 1060 2944 medinm
1079 2878 1216 2960 horam3
1239 2919 1283 2928 —
1303 2881 1336 2946 2.
1359 2882 1456 2962 lam,

329 2997 364 3060 in
377 2997 441 3060 hoo
453 2995 573 3060 eodem
588 3017 702 3074 sensu,
716 2993 842 3080 duplex
857 2993 982 3082 prodiit
996 3017 1198 3080 responsum
1211 2995 1460 3082 Congregatio·

329 3131 411 3173 num
425 3110 666 3190 Romanarum,
690 3128 811 3195 nempe
830 3130 937 3172 unum
956 3131 1017 3195 pro
1036 3107 1118 3172 horn
1135 3107 1279 3195 Europae
1299 3109 1458 3174 occiden-

294 3250 295 3258 ¹
328 3221 419 3302 lulis,
449 3221 594 3285 alterum
620 3244 681 3308 pro
702 3221 785 3286 hora
810 3221 953 3308 Europae
983 3221 1161 3302 centralis;
1192 3222 1376 3310 quaesiturn
1405 3230 1456 3288 est

329 3356 348 3396 a
377 3331 411 3412 S.
438 3331 574 3414 Officio,
597 3357 657 3422 pro
683 3335 895 3400 Hollandin:
925 3363 940 3394 «
972 3334 1094 3401 Utrum
1122 3335 1257 3422 possint
1283 3335 1398 3400 cleriei
1422 3343 1455 3400 et

329 3445 458 3526 fideles,
474 3467 534 3532 per
553 3453 660 3511 totam
675 3447 926 3530 Neerlandinm,
940 3449 974 3512 in
990 3447 1120 3536 jejunio
1141 3447 1288 3514 naturali
1306 3447 1456 3514 oaeleris-

329 3582 394 3648 que
429 3559 667 3626 ecclesiasticis
702 3560 967 3647 obligationibus
1000 3561 1236 3641 observandiS,
1273 3561 1454 3628 observare

254 3692 258 3698 ·
328 3681 463 3762 tempus
487 3673 636 3738 medium
662 3675 728 3740 loci
758 3675 980 3757 Greenwich,
1009 3697 1052 3740 nn
1081 3699 1160 3740 vero
1187 3677 1283 3763 sequi
1308 3673 1453 3741 debeant

328 3811 446 3856 ,verum
474 3796 610 3876 tempus
629 3787 730 3875 juxta
750 3788 974 3854 meridianum
997 3789 1124 3878 proprii
1144 3789 1232 3855 looi‘?
1253 3817 1269 3850 n
1301 3790 1453 3876 Respon-

360 3965 366 3998 ¹
384 3967 423 4015 Cl.
443 3967 584 4016 Annnsire
603 3967 639 4016 du
662 3968 767 4016 Bnreou
788 3968 835 4016 des
855 3967 1024 4032 lonpiludes,
1040 3982 1063 4015 c.
1085 3967 1174 4015 Heure
1195 3965 1294 4030 ldpole,
1313 3979 1356 4014 nn.
1379 3971 1451 4017 1902,

327 4061 353 4109 p.
372 4050 496 4096 lei-ise.

358 4127 368 4160 ²
380 4127 473 4176 Plures
483 4131 573 4176 tamen
585 4128 707 4189 regiones
722 4130 898 4176 servaverunt
909 4127 1046 4190 proprium
1057 4128 1151 4175 horam
1168 4125 1294 4188 legalem,
1309 4129 1451 4188 compule-

327 4210 381 4254 lnm
393 4222 488 4269 nempe
495 4207 573 4270 juxta
585 4206 765 4256 meridianum
777 4207 895 4256 civitatis
905 4209 978 4270 regni
990 4206 1180 4269 metropoleos.
1193 4205 1236 4254 Sic
1247 4205 1343 4264 Gollin,
1352 4204 1453 4253 Lusita-

326 4287 381 4346 nia,
399 4286 507 4344 Bossia,
523 4289 576 4336 etc.
