3224 5044
325 448 376 503 111
808 448 852 498 DE
870 448 970 500 mssa

324 599 522 678 missarum,
544 597 644 681 cujus
659 593 788 658 reditus
807 615 848 657 esu
862 600 962 677 parte
978 593 1158 677 perierunt
1176 593 1246 657 sine
1260 593 1333 658 utta
1353 595 1459 679 culpa

323 711 471 776 imtituti
486 709 536 773 vet
555 708 721 772 ecclesia?

367 824 411 887 N.
435 824 475 888 B.
499 822 577 887 Non
597 821 708 909 agitur
727 821 769 885 dc
789 843 886 899 casu,
908 820 1026 907 inquo
1045 826 1189 885 testator
1208 843 1275 884 non
1291 821 1460 887 determi-

324 937 452 1002 naverit
473 959 654 1002 numerum
674 937 875 1017 missarum
895 940 976 998 tunc
996 933 1103 1013 enim,
1125 933 1154 997 si
1173 933 1459 1001 determinaverit

323 1051 592 1138 eleemosynam,
628 1068 789 1114 numerus
816 1048 1009 1128 missarum,
1044 1047 1234 1112 imminutis
1268 1049 1455 1124 reditibus.

323 1163 577 1231 imminuendus
593 1169 646 1229 est
661 1162 703 1228 ad
723 1163 889 1228 rationem
909 1161 1055 1248 praetixae
1074 1160 1317 1248 eleemosynae3
1342 1164 1368 1226 si
1391 1187 1456 1230 nec

323 1281 576 1366 eleemosynam
600 1276 892 1354 determinaverit,
914 1281 1073 1340 censetur
1091 1283 1286 1363 acceptasse
1305 1279 1456 1342 eleemo-

324 1417 445 1481 synam
469 1417 530 1482 pro
554 1392 628 1456 loco
654 1397 688 1456 et
711 1399 874 1479 tempore.
898 1389 1023 1476 Agitur
1050 1412 1130 1476 ergo
1154 1397 1291 1456 tantum
1311 1391 1354 1456 de
1373 1415 1456 1458 casu

323 1531 390 1596 quo
404 1514 545 1571 testator
560 1504 837 1576 determinaverit
850 1526 1028 1568 numerum
1044 1503 1235 1569 missarum.
1248 1544 1295 1554 —
1310 1505 1456 1595 Insuper

324 1621 369 1700 si,
384 1620 463 1684 dote
479 1620 676 1700 imminuta,
694 1618 823 1684 reditus
839 1624 953 1683 tamen
969 1618 1028 1705 qui
1044 1625 1227 1705 supersunt
1241 1619 1454 1707 stipendium

323 1733 475 1825 praebent
496 1733 625 1822 aequale
652 1739 711 1798 aut
735 1732 803 1798 fere
826 1732 956 1820 aequale
981 1732 1150 1819 stipendio
1174 1741 1356 1814 consueto,
1383 1758 1454 1801 non

324 1857 377 1916 est
394 1849 490 1915 locus
509 1847 714 1928 reductioni,
735 1853 774 1912 ut
793 1869 853 1934 per
872 1869 908 1910 se
927 1853 1037 1933 patet3
1060 1853 1141 1912 tunc
1161 1847 1251 1912 enim
1271 1847 1451 1921 fundator.

324 1964 419 2029 initio
432 1963 644 2051 pinguiorem
659 1961 773 2026 dotem
787 1960 1011 2040 constituenS,
1025 1961 1195 2025 consuluit
1206 1961 1329 2027 futuris
1344 1961 1454 2028 bono-

324 2101 399 2142 rum
418 2074 724 2141 imminutionibus.
746 2073 844 2139 Unde
864 2073 975 2160 agitur
994 2079 1127 2139 tantum
1148 2074 1189 2138 de
1204 2097 1285 2140 casu
1304 2099 1373 2163 quo
1389 2079 1453 2142 sti-

324 2189 486 2278 pendium
514 2195 667 2254 remanet
695 2194 851 2252 consueto
879 2187 1035 2272 inferius.
1062 2225 1106 2236 —
1130 2187 1234 2252 Porro
1259 2189 1321 2254 hac
1348 2191 1391 2255 de
1416 2213 1452 2256 re

323 2302 436 2390 gravis
455 2305 507 2366 est
527 2301 779 2367 controversia:
1101 2295 1105 2301 ¹

370 2414 401 2478 1ο
421 2413 567 2492 Quidam
587 2413 721 2506 dicunt,
744 2413 846 2479 etiam
866 2415 900 2478 in
920 2414 983 2478 hoc
1004 2437 1100 2496 casu,
1118 2416 1360 2481 recurrendum
1375 2441 1453 2483 esse

324 2528 367 2593 ad
386 2527 510 2593 Sedem
533 2527 767 2616 apostolicam.
794 2567 838 2578 —
863 2527 963 2593 Ratio
989 2536 1057 2610 est,
1085 2529 1260 2616 inquiunt,
1289 2529 1386 2618 quia,
1416 2533 1452 2596 in

324 2644 454 2708 decreto
471 2641 504 2727 1',
522 2665 576 2708 an.
597 2641 695 2723 1623,
712 2641 746 2707 S.
764 2640 890 2727 Congr.
910 2641 1014 2707 Cone.
1033 2641 1171 2707 adhibet
1190 2642 1292 2708 verba
1310 2645 1452 2709 omnino

324 2757 527 2846 generalia:
564 2785 579 2818 a
676 2756 728 2820 Ne
758 2755 956 2843 Episcopi...
989 2779 1127 2843 quoquo
1162 2759 1260 2822 modo
1287 2760 1453 2824 reducant

324 2873 513 2938 onerantia
534 2873 715 2936 missarum
735 2869 1061 2936 celebrandarum.»
1084 2871 1205 2952 Ροιιο,
1227 2870 1284 2936 ubi
1304 2871 1362 2937 lex
1381 2896 1452 2938 non

324 2986 517 3075 distinguit,
529 3007 591 3050 nec
602 3007 664 3049 nos
673 2983 881 3070 distinguere
893 2982 1067 3050 debemus
1082 2984 1132 3050 lta
1143 2985 1346 3050 Benedictus
1357 2985 1449 3058 xlv,

324 3100 535 3180 Tamburini,
558 3098 687 3178 Lucidi‚
710 3097 886 3186 Gasparri,
910 3098 1057 3178 Ferrari,
1081 3098 1262 3176 Passenni,
1285 3099 1450 3180 Ferraris,

325 3221 389 3280 eto.
403 3218 424 3278 ¹.

369 3326 402 3390 2⁰
422 3326 507 3406 Alii,
535 3325 657 3413 quibus
681 3325 864 3407 assentior,
891 3325 1101 3392 contendunt
1128 3327 1357 3393 necessarium
1382 3351 1454 3395 non

324 3462 398 3504 esse
413 3461 585 3505 recursum
600 3441 643 3505 ad
655 3441 777 3506 Sedem
790 3441 1028 3528 apostolicam,
1042 3441 1102 3506 sed
1116 3441 1322 3530 Episcopum
1335 3467 1451 3530 posse,

324 3554 458 3643 propria
472 3555 686 3638 auctoritate,
703 3553 863 3620 reducere
879 3554 1111 3621 fundationem
1127 3557 1169 3620 ad
1179 3579 1334 3622 normam
1348 3559 1454 3647 aequi-

285 3737 288 3748 ,
324 3669 416 3735 tatis.
444 3707 485 3720 -
513 3669 678 3734 Nituntur
697 3669 864 3756 praecipue
885 3669 937 3734 his
957 3669 1193 3756 argumentis:

355 3855 364 3892 ¹
381 3855 480 3906 Bencd.
497 3855 568 3914 XIV,
586 3856 635 3904 toc.
652 3853 708 3912 cit,
725 3871 750 3904 n.
772 3860 869 3912 11-19;
890 3883 917 3892 -
938 3855 1045 3916 Lucidi,
1065 3856 1115 3906 loc.
1132 3855 1189 3912 cit..
1204 3871 1227 3904 c.
1243 3871 1293 3914 vn,
1310 3872 1337 3904 n.
1354 3863 1451 3913 16-19,

324 3943 382 3997 106,
398 3953 425 4000 p.
442 3939 500 3996 116,
518 3940 571 3984 131.
592 3962 622 3972 -
637 3935 778 3997 Gasparri,
793 3935 830 3984 De
845 3935 1032 3994 Eucharistiae,
1049 3953 1076 3984 n.
1092 3941 1151 3996 588,
1167 3953 1193 3999 p.
1213 3939 1271 3996 111;
1288 3965 1318 3974 -
1334 3937 1454 3988 Tanrbu-

324 4017 387 4077 riui,
410 4017 449 4065 De
469 4014 603 4078 sacrificio
624 4013 723 4072 missa,
744 4015 790 4062 lib.
812 4015 864 4076 111,
885 4031 908 4065 c.
931 4033 952 4077 1,
975 4022 987 4078 5
1007 4023 1033 4075 2,
1057 4031 1083 4065 n.
1102 4014 1134 4075 ’1,
1155 4032 1181 4079 p.
1203 4021 1261 4076 2983
1283 4044 1311 4054 -
1332 4017 1452 4078 Feri-ari,

322 4098 431 4146 Summa
451 4095 514 4145 inst.
534 4111 603 4152 can„
626 4110 653 4143 n.
671 4101 729 4154 329,
751 4095 873 4154 Parisiis,
895 4102 968 4156 1869,
991 4101 1010 4147 t.
1030 4113 1061 4158 ιι,
1079 4113 1105 4161 p.
1127 4101 1169 4156 ²53
1190 4123 1222 4134 -
1244 4097 1394 4158 Passer-ini,
1415 4099 1453 4149 De

324 4177 464 4226 hominnm
478 4175 607 4234 statibus,
622 4191 648 4238 q.
667 4191 801 4242 cmxxvii,
817 4179 868 4226 art.
885 4181 912 4236 1,
928 4192 954 4225 ιι.
974 4182 1047 4234 1015,
1064 4182 1084 4227 t.
1101 4193 1131 4236 n,
1148 4193 1175 4240 p.
1191 4183 1251 4237 697;
1269 4205 1296 4216 -
1315 4179 1450 4236 Fer-raris.

323 4257 458 4314 11111666,
475 4259 525 4305 art.
539 4263 565 4314 1,
582 4271 608 4304 n.
625 4258 662 4304 11.
