3174 5046
382 535 426 584 DE
445 533 602 584 TEMPORE
621 533 880 586 CELEBEATIONIS
899 533 1008 586 MlSSAE
1222 533 1257 586 35

133 681 228 760 bato,
269 677 517 760 celebrabatur,
553 685 587 742 et
622 700 697 766 quae
734 699 841 760 nunc,
872 699 937 764 per
967 678 1256 764 anticipationem,

133 793 232 858 affixa
251 801 303 858 est
327 792 420 858 horis
438 789 617 857 matutinis
641 789 773 856 sabbati
801 791 926 872 sancti;
957 798 1127 857 testantur
1150 791 1259 857 adhuc

135 908 241 972 multa
274 905 377 972 verba
411 905 602 974 orationum
635 903 737 990 hujus
770 904 901 986 missae,
931 904 1018 969 hanc
1048 905 1130 969 olim
1160 913 1260 972 nocte

44 1077 54 1097 ,
134 1021 238 1087 luisse
262 1019 479 1085 celebratam.
502 1057 545 1068 ·-
565 1017 615 1083 De
635 1017 748 1082 missis
768 1040 847 1106 ergo
872 1017 1012 1083 sabbato
1037 1025 1154 1084 sancto
1174 1019 1260 1084 cele-

134 1135 272 1200 brandis
288 1133 358 1197 haec
379 1131 520 1198 dicenda
538 1151 546 1197 ε

181 1249 213 1312 1ο
240 1249 437 1334 inponere,
465 1251 588 1334 praeter
613 1245 753 1312 missam
780 1245 983 1327 solemnem,
1013 1269 1087 1334 quae
1114 1247 1156 1312 ad
1182 1270 1261 1311 nor-

135 1387 226 1429 mam
251 1361 501 1428 Caremonialis
521 1359 786 1445 Episcoporum,
815 1365 874 1424 aut
904 1359 1024 1425 saltem
1052 1361 1263 1426 Memorialis

138 1480 284 1560 rituum,
311 1474 501 1541 celebratur
529 1474 565 1538 in
591 1473 744 1538 ecclesiis
767 1472 957 1560 collegiatis
982 1481 1041 1539 aut
1063 1474 1262 1563 parochiali·
1334 1471 1339 1488 '

137 1593 211 1674 bus,
233 1597 272 1656 ut
286 1589 373 1655 inira
394 1589 536 1668 dicetur,
555 1587 714 1674 quaelibet
734 1589 835 1654 missa
849 1589 986 1676 privata
1005 1597 1064 1654 aut
1081 1589 1163 1654 lecta
1178 1612 1263 1676 pro-

138 1707 276 1770 hibetur
296 1705 358 1768 bae
381 1704 450 1786 die,
475 1705 508 1767 in
528 1701 738 1789 quibuslibet
766 1703 909 1768 ecclesiia
932 1711 992 1767 aut
1011 1705 1169 1769 oratoriis
1194 1712 1264 1768 tam

133 1820 282 1906 publicis
307 1841 412 1905 quam
432 1817 588 1903 privatis.
616 1815 825 1882 -Constat
851 1816 1038 1883 Clementis
1061 1818 1108 1882 Xl
1133 1820 1264 1882 decreto

139 1935 258 2023 (supra
276 1933 400 2014 relato,
422 1955 457 1999 n.
481 1931 551 2014 15,
574 1934 635 2018 10),
663 1930 755 2018 quod
778 1931 1016 2018 complectitur
1039 1931 1156 1996 leriam
1175 1932 1206 1995 V
1229 1931 1264 1996 in

139 2048 245 2114 Coena
270 2046 406 2112 Domini
431 2052 464 2111 et
489 2043 668 2110 sabbatum
688 2051 862 2126 sanctum,
890 2051 924 2110 et
946 2052 1090 2133 utraque
1115 2045 1169 2110 die
1188 2069 1265 2133 pro·

139 2155 233 2227 bibet
251 2183 346 2227 sacra
365 2161 510 2250 privata.
536 2197 580 2208 -
600 2157 672 2223 Imo
692 2157 874 2246 prohibitio
894 2183 955 2248 pro
980 2158 1121 2226 sabbato
1146 2167 1265 2226 sancto

139 2275 274 2363 gravior
300 2282 352 2341 est
375 2273 602 2361 prohibitione
628 2296 689 2360 pro
716 2273 798 2338 feria
823 2273 865 2356 V,
892 2275 972 2362 quia
997 2273 1129 2340 sabbati
1156 2276 1265 2350 sancti

139 2388 212 2453 dies
230 2395 350 2453 natura
371 2411 432 2452 sua
451 2393 503 2453 est
524 2387 722 2472 aliturpica,
739 2392 778 2451 ut
798 2387 1009 2470 dictumest,
1031 2388 1112 2453 dum
1134 2389 1215 2455 feria
1235 2391 1265 2454 V

139 2503 173 2566 in
199 2501 303 2566 Coena
328 2501 465 2565 Domini
491 2523 560 2564 non
580 2501 680 2564 modo
701 2521 769 2564 non
796 2501 946 2566 excludit
966 2503 1183 2586 sacrificium,
1206 2503 1266 2572 sed

140 2623 278 2681 econtra
302 2615 460 2703 requirit,
482 2614 518 2678 in
546 2613 902 2680 commemorationem
926 2614 1040 2680 Coenae
1065 2617 1262 2684 Dominieae.

139 2769 183 2780 ——
202 2729 300 2796 Unde
319 2747 326 2793 :

185 2867 216 2909 a.
239 2843 344 2909 Missa
352 2864 419 2928 pro
436 2842 593 2927 infirmis,
605 2863 707 2929 quam
721 2842 908 2930 Episcopus
923 2827 1119 2930 permittere
1133 2851 1264 2931 potest,

139 2967 178 3024 ut
204 2957 353 3022 diximus
380 2957 432 3043 (n.
456 2956 526 3039 15,
548 2954 617 3043 8⁰),
644 2954 726 3020 feria
745 2955 787 3037 V,
808 2955 961 3042 permitti
985 2957 1103 3044 nequit
1127 2957 1266 3026 sabbato

140 3079 271 3137 sancto.

186 3186 220 3250 b.
252 3183 396 3249 Difficile
423 3183 656 3271 conceduntur
682 3181 813 3248 indulta
833 3185 1025 3270 personalia
1058 3186 1170 3250 missen
1202 3187 1267 3275 pri·

143 3306 230 3364 ratae
250 3297 391 3363 sabbato
416 3305 533 3362 sancto
558 3297 783 3379 celebrandae;
807 3297 892 3380 imo,
919 3297 953 3363 in
978 3298 1112 3366 decreto
1137 3300 1170 3366 S.
1194 3301 1263 3368 Rit.

142 3413 283 3500 Congu,
305 3411 340 3476 in
359 3433 427 3476 una
446 3411 670 3476 Resolutionis
689 3411 890 3496 dubiorum,
906 3411 948 3478 28
959 3412 1038 3499 julii
1054 3412 1152 3496 1821,
1170 3416 1213 3481 ad
1227 3417 1264 3500 3,

142 3549 325 3616 suppressa
365 3531 445 3591 sunt
488 3525 601 3590 omnia
632 3524 764 3590 indulta
801 3526 998 3613 hujusmodi
1039 3529 1263 3615 personalia¹;

141 3643 239 3730 cujus
265 3640 392 3705 decreti
418 3637 631 3704 observantia
661 3639 849 3705 inculcatur
881 3641 915 3703 in
949 3639 1015 3705 alio
1044 3641 1196 3726 decreto,
1232 3645 1265 3710 in

140 3779 209 3821 una
234 3755 370 3818 Ordinis
395 3753 660 3818 Carmelitarum
683 3754 965 3837 excalceatorum,
992 3755 1035 3818 22
1056 3754 1133 3841 julii
1162 3756 1263 3839 1818,

140 3870 185 3935 ad
207 3869 220 3932 1
244 3875 280 3933 et
298 3869 350 3932 2².
373 3905 416 3916 -
436 3866 582 3932 Facilius
597 3866 828 3932 conceduntur
843 3867 974 3933 indulta
992 3869 1107 3952 realia,
1125 3869 1159 3935 in
1175 3871 1266 3938 favo-

141 4112 244 4170 noctis‚
266 4125 364 4174 nempe
385 4111 419 4158 ad
440 4124 582 4172 vesperam
604 4110 733 4160 sabbati:
760 4133 770 4154 ιι
796 4110 825 4158 ln
844 4115 923 4160 nocte
947 4110 1174 4172 Resurrectionis‚
1194 4116 1266 4166 circa

138 4189 316 4260 principium.
333 4209 345 4234 n
361 4191 393 4238 In
408 4189 423 4238 1
427 4190 448 4237 V
460 4189 542 4248 Sent,
559 4191 622 4239 dist.
636 4191 714 4250 Xlll,
730 4205 756 4254 q.
773 4207 794 4250 ι,
810 4193 860 4239 art.
877 4197 903 4250 2,
918 4191 951 4238 ad
965 4194 976 4238 t
990 4195 1086 4254 quaest.

174 4272 181 4306 ¹
199 4272 311 4320 Decreta
326 4269 495 4328 authentica,
512 4285 538 4318 n.
554 4275 627 4330 2616,
645 4275 663 4319 t.
680 4287 711 4330 u,
727 4287 754 4334 p.
771 4277 823 4319 196.

172 4349 280 4409 Maia,
296 4365 322 4399 n.
338 4355 412 4409 roro,
425 4353 444 4399 ι.
461 4365 491 4409 ιι,
508 4365 533 4412 p.
548 4355 602 4398 aas.
