<?xml version="1.0" encoding="UTF-8"?>
<!DOCTYPE html PUBLIC "-//W3C//DTD XHTML 1.0 Transitional//EN"
    "http://www.w3.org/TR/xhtml1/DTD/xhtml1-transitional.dtd">
<html xmlns="http://www.w3.org/1999/xhtml" xml:lang="en" lang="en">
 <head>
  <title>
</title>
<meta http-equiv="Content-Type" content="text/html;charset=utf-8" />
  <meta name='ocr-system' content='tesseract 3.04.00' />
  <meta name='ocr-capabilities' content='ocr_page ocr_carea ocr_par ocr_line ocrx_word'/>
</head>
<body>
  <div class='ocr_page' id='page_1' title='image "./praelectionesde01manygoog_0384.png"; bbox 0 0 3246 5026; ppageno 0'>
   <div class='ocr_carea' id='block_1_1' title="bbox 646 495 1314 549">
    <p class='ocr_par' dir='ltr' id='par_1_1' title="bbox 646 495 1314 549">
     <span class='ocr_line' id='line_1_1' title="bbox 646 495 1314 549; baseline 0.004 -3"><span class='ocrx_word' id='word_1_1' title='bbox 646 495 849 548; x_wconf 73' lang='lat' dir='ltr'>accensam</span> <span class='ocrx_word' id='word_1_2' title='bbox 1261 497 1314 549; x_wconf 78' lang='lat'>365</span> 
     </span>
    </p>
   </div>
   <div class='ocr_carea' id='block_1_2' title="bbox 180 639 1318 4362">
    <p class='ocr_par' dir='ltr' id='par_1_2' title="bbox 180 639 1314 1194">
     <span class='ocr_line' id='line_1_2' title="bbox 180 639 1312 721; baseline -0.001 -20"><span class='ocrx_word' id='word_1_3' title='bbox 180 640 322 713; x_wconf 71' lang='lat' dir='ltr'>tabellae,</span> <span class='ocrx_word' id='word_1_4' title='bbox 344 646 375 698; x_wconf 90' lang='lat' dir='ltr'>et</span> <span class='ocrx_word' id='word_1_5' title='bbox 396 639 545 698; x_wconf 90' lang='lat' dir='ltr'>librorum</span> <span class='ocrx_word' id='word_1_6' title='bbox 568 639 599 698; x_wconf 94' lang='lat' dir='ltr'>in</span> <span class='ocrx_word' id='word_1_7' title='bbox 622 640 788 719; x_wconf 74' lang='lat' dir='ltr'>praemissis</span> <span class='ocrx_word' id='word_1_8' title='bbox 808 647 943 721; x_wconf 89' lang='lat' dir='ltr'>spectat,</span> <span class='ocrx_word' id='word_1_9' title='bbox 967 642 1128 716; x_wconf 90' lang='lat' dir='ltr'>tabellam,</span> <span class='ocrx_word' id='word_1_10' title='bbox 1150 641 1262 712; x_wconf 88' lang='lat' dir='ltr'>libros,</span> <span class='ocrx_word' id='word_1_11' title='bbox 1281 651 1312 700; x_wconf 91' lang='lat' dir='ltr'>et</span> 
     </span>
     <span class='ocr_line' id='line_1_3' title="bbox 180 735 1314 818; baseline 0 -22"><span class='ocrx_word' id='word_1_12' title='bbox 180 737 248 796; x_wconf 85' lang='lat' dir='ltr'>haec</span> <span class='ocrx_word' id='word_1_13' title='bbox 263 736 388 796; x_wconf 89' lang='lat' dir='ltr'>decreta</span> <span class='ocrx_word' id='word_1_14' title='bbox 404 735 588 816; x_wconf 77' lang='lat' dir='ltr'>respective,</span> <span class='ocrx_word' id='word_1_15' title='bbox 598 735 688 815; x_wconf 88' lang='lat' dir='ltr'>juxta</span> <span class='ocrx_word' id='word_1_16' title='bbox 703 735 814 795; x_wconf 88' lang='lat' dir='ltr'>modos</span> <span class='ocrx_word' id='word_1_17' title='bbox 827 737 969 816; x_wconf 89' lang='lat' dir='ltr'>superius</span> <span class='ocrx_word' id='word_1_18' title='bbox 982 757 1157 818; x_wconf 87' lang='lat' dir='ltr'>expressos,</span> <span class='ocrx_word' id='word_1_19' title='bbox 1170 737 1314 796; x_wconf 89' lang='lat' dir='ltr'>similiter</span> 
     </span>
     <span class='ocr_line' id='line_1_4' title="bbox 180 831 1314 914; baseline 0.001 -22"><span class='ocrx_word' id='word_1_20' title='bbox 180 833 325 904; x_wconf 90' lang='lat' dir='ltr'>retinere,</span> <span class='ocrx_word' id='word_1_21' title='bbox 345 851 465 891; x_wconf 84' lang='lat' dir='ltr'>necnon</span> <span class='ocrx_word' id='word_1_22' title='bbox 480 831 519 891; x_wconf 93' lang='lat' dir='ltr'>de</span> <span class='ocrx_word' id='word_1_23' title='bbox 535 831 697 902; x_wconf 91' lang='lat' dir='ltr'>oneribus,</span> <span class='ocrx_word' id='word_1_24' title='bbox 715 852 751 891; x_wconf 88' lang='lat' dir='ltr'>ae</span> <span class='ocrx_word' id='word_1_25' title='bbox 765 832 1043 906; x_wconf 73' lang='lat' dir='ltr'>celebrationibuS,</span> <span class='ocrx_word' id='word_1_26' title='bbox 1060 839 1092 893; x_wconf 91' lang='lat' dir='ltr'>et</span> <span class='ocrx_word' id='word_1_27' title='bbox 1105 833 1314 914; x_wconf 87' lang='lat' dir='ltr'>eleemosynis</span> 
     </span>
     <span class='ocr_line' id='line_1_5' title="bbox 180 926 1311 1010; baseline 0.002 -22"><span class='ocrx_word' id='word_1_28' title='bbox 180 929 334 989; x_wconf 88' lang='lat' dir='ltr'>dictarum</span> <span class='ocrx_word' id='word_1_29' title='bbox 351 929 513 988; x_wconf 89' lang='lat' dir='ltr'>missarum</span> <span class='ocrx_word' id='word_1_30' title='bbox 529 926 659 1006; x_wconf 76' lang='lat' dir='ltr'>singulis</span> <span class='ocrx_word' id='word_1_31' title='bbox 674 928 763 987; x_wconf 90' lang='lat' dir='ltr'>annis</span> <span class='ocrx_word' id='word_1_32' title='bbox 776 929 928 988; x_wconf 89' lang='lat' dir='ltr'>rationem</span> <span class='ocrx_word' id='word_1_33' title='bbox 944 930 1077 1009; x_wconf 78' lang='lat' dir='ltr'>exigere,</span> <span class='ocrx_word' id='word_1_34' title='bbox 1093 937 1125 990; x_wconf 91' lang='lat' dir='ltr'>et</span> <span class='ocrx_word' id='word_1_35' title='bbox 1139 931 1311 1010; x_wconf 80' lang='lat' dir='ltr'>respective</span> 
     </span>
     <span class='ocr_line' id='line_1_6' title="bbox 181 1023 1310 1105; baseline 0.001 -21"><span class='ocrx_word' id='word_1_36' title='bbox 181 1025 218 1085; x_wconf 89' lang='lat' dir='ltr'>iis</span> <span class='ocrx_word' id='word_1_37' title='bbox 233 1026 271 1086; x_wconf 92' lang='lat' dir='ltr'>ad</span> <span class='ocrx_word' id='word_1_38' title='bbox 287 1045 366 1105; x_wconf 89' lang='lat' dir='ltr'>qnos</span> <span class='ocrx_word' id='word_1_39' title='bbox 382 1024 527 1104; x_wconf 78' lang='lat' dir='ltr'>pertinet,</span> <span class='ocrx_word' id='word_1_40' title='bbox 545 1024 685 1096; x_wconf 88' lang='lat' dir='ltr'>reddere,</span> <span class='ocrx_word' id='word_1_41' title='bbox 701 1023 758 1084; x_wconf 92' lang='lat' dir='ltr'>sub</span> <span class='ocrx_word' id='word_1_42' title='bbox 774 1025 874 1104; x_wconf 87' lang='lat' dir='ltr'>poenis</span> <span class='ocrx_word' id='word_1_43' title='bbox 890 1025 1029 1100; x_wconf 76' lang='lat' dir='ltr'>arbitrie,</span> <span class='ocrx_word' id='word_1_44' title='bbox 1043 1033 1075 1086; x_wconf 91' lang='lat' dir='ltr'>et</span> <span class='ocrx_word' id='word_1_45' title='bbox 1091 1027 1120 1085; x_wconf 92' lang='lat' dir='ltr'>in</span> <span class='ocrx_word' id='word_1_46' title='bbox 1137 1027 1310 1086; x_wconf 86' lang='lat' dir='ltr'>subsidium</span> 
     </span>
     <span class='ocr_line' id='line_1_7' title="bbox 180 1120 723 1194; baseline -0.006 -12"><span class='ocrx_word' id='word_1_47' title='bbox 180 1120 530 1194; x_wconf 81' lang='lat' dir='ltr'>excommunicationis,</span> <span class='ocrx_word' id='word_1_48' title='bbox 549 1126 723 1180; x_wconf 87' lang='lat' dir='ltr'>teneantur.</span> 
     </span>
    </p>

    <p class='ocr_par' dir='ltr' id='par_1_3' title="bbox 180 1216 1311 1946">
     <span class='ocr_line' id='line_1_8' title="bbox 221 1216 1310 1296; baseline 0.001 -20"><span class='ocrx_word' id='word_1_49' title='bbox 221 1221 236 1294; x_wconf 59' lang='grc' dir='ltr'>ᾗ</span> <span class='ocrx_word' id='word_1_50' title='bbox 258 1219 307 1277; x_wconf 75' lang='lat'>28.</span> <span class='ocrx_word' id='word_1_51' title='bbox 331 1217 495 1276; x_wconf 88' lang='lat' dir='ltr'>Postremo</span> <span class='ocrx_word' id='word_1_52' title='bbox 520 1216 665 1274; x_wconf 89' lang='lat' dir='ltr'>omnibns</span> <span class='ocrx_word' id='word_1_53' title='bbox 684 1223 715 1275; x_wconf 92' lang='lat' dir='ltr'>et</span> <span class='ocrx_word' id='word_1_54' title='bbox 735 1216 982 1296; x_wconf 87' lang='lat' dir='ltr'>quibuscumque</span> <span class='ocrx_word' id='word_1_55' title='bbox 1012 1225 1073 1277; x_wconf 87' lang='lat' dir='ltr'>tam</span> <span class='ocrx_word' id='word_1_56' title='bbox 1093 1218 1310 1278; x_wconf 87' lang='lat' dir='ltr'>ecclesiasticis</span> 
     </span>
     <span class='ocr_line' id='line_1_9' title="bbox 180 1311 1309 1394; baseline 0 -21"><span class='ocrx_word' id='word_1_57' title='bbox 180 1313 321 1394; x_wconf 91' lang='lat' dir='ltr'>personis</span> <span class='ocrx_word' id='word_1_58' title='bbox 342 1312 568 1393; x_wconf 89' lang='lat' dir='ltr'>cujuscumque</span> <span class='ocrx_word' id='word_1_59' title='bbox 588 1311 722 1384; x_wconf 87' lang='lat' dir='ltr'>ordinis,</span> <span class='ocrx_word' id='word_1_60' title='bbox 740 1318 853 1386; x_wconf 90' lang='lat' dir='ltr'>status,</span> <span class='ocrx_word' id='word_1_61' title='bbox 872 1313 1015 1392; x_wconf 78' lang='lat' dir='ltr'>Regulae,</span> <span class='ocrx_word' id='word_1_62' title='bbox 1033 1313 1309 1393; x_wconf 80' lang='lat' dir='ltr'>Congregationis,</span> 
     </span>
     <span class='ocr_line' id='line_1_10' title="bbox 181 1407 1311 1491; baseline 0.001 -23"><span class='ocrx_word' id='word_1_63' title='bbox 181 1409 361 1482; x_wconf 80' lang='lat' dir='ltr'>societatis,</span> <span class='ocrx_word' id='word_1_64' title='bbox 383 1407 587 1482; x_wconf 84' lang='lat' dir='ltr'>conditionis,</span> <span class='ocrx_word' id='word_1_65' title='bbox 610 1414 641 1466; x_wconf 93' lang='lat' dir='ltr'>et</span> <span class='ocrx_word' id='word_1_66' title='bbox 661 1407 822 1486; x_wconf 79' lang='lat' dir='ltr'>dignitatis</span> <span class='ocrx_word' id='word_1_67' title='bbox 842 1408 992 1480; x_wconf 82' lang='lat' dir='ltr'>existant,</span> <span class='ocrx_word' id='word_1_68' title='bbox 1015 1429 1107 1489; x_wconf 88' lang='lat' dir='ltr'>quam</span> <span class='ocrx_word' id='word_1_69' title='bbox 1128 1407 1213 1470; x_wconf 90' lang='lat' dir='ltr'>laicis</span> <span class='ocrx_word' id='word_1_70' title='bbox 1232 1431 1311 1491; x_wconf 94' lang='lat' dir='ltr'>quo-</span> 
     </span>
     <span class='ocr_line' id='line_1_11' title="bbox 181 1502 1310 1585; baseline -0.001 -20"><span class='ocrx_word' id='word_1_71' title='bbox 181 1524 314 1585; x_wconf 87' lang='lat' dir='ltr'>cumque</span> <span class='ocrx_word' id='word_1_72' title='bbox 339 1503 457 1580; x_wconf 85' lang='lat' dir='ltr'>honore</span> <span class='ocrx_word' id='word_1_73' title='bbox 486 1505 519 1562; x_wconf 83' lang='lat' dir='ltr'>et&#39;</span> <span class='ocrx_word' id='word_1_74' title='bbox 546 1508 702 1582; x_wconf 88' lang='lat' dir='ltr'>potestate</span> <span class='ocrx_word' id='word_1_75' title='bbox 723 1502 877 1582; x_wconf 77' lang='lat' dir='ltr'>praeditis,</span> <span class='ocrx_word' id='word_1_76' title='bbox 902 1503 1005 1564; x_wconf 87' lang='lat' dir='ltr'>omnia</span> <span class='ocrx_word' id='word_1_77' title='bbox 1032 1510 1063 1563; x_wconf 92' lang='lat' dir='ltr'>et</span> <span class='ocrx_word' id='word_1_78' title='bbox 1087 1504 1208 1584; x_wconf 76' lang='lat' dir='ltr'>singula</span> <span class='ocrx_word' id='word_1_79' title='bbox 1231 1527 1310 1585; x_wconf 75' lang='lat' dir='ltr'>prau-</span> 
     </span>
     <span class='ocr_line' id='line_1_12' title="bbox 181 1597 1310 1680; baseline 0 -20"><span class='ocrx_word' id='word_1_80' title='bbox 181 1601 273 1660; x_wconf 88' lang='lat' dir='ltr'>missa</span> <span class='ocrx_word' id='word_1_81' title='bbox 301 1599 427 1661; x_wconf 89' lang='lat' dir='ltr'>decreta</span> <span class='ocrx_word' id='word_1_82' title='bbox 457 1597 700 1678; x_wconf 88' lang='lat' dir='ltr'>interpretandi,</span> <span class='ocrx_word' id='word_1_83' title='bbox 728 1619 783 1658; x_wconf 90' lang='lat' dir='ltr'>nee</span> <span class='ocrx_word' id='word_1_84' title='bbox 813 1619 876 1658; x_wconf 92' lang='lat' dir='ltr'>non</span> <span class='ocrx_word' id='word_1_85' title='bbox 902 1599 1125 1661; x_wconf 86' lang='lat' dir='ltr'>Ecclesiasticis</span> <span class='ocrx_word' id='word_1_86' title='bbox 1153 1601 1310 1680; x_wconf 72' lang='lat' dir='ltr'>praedictis</span> 
     </span>
     <span class='ocr_line' id='line_1_13' title="bbox 181 1692 1309 1777; baseline 0.002 -22"><span class='ocrx_word' id='word_1_87' title='bbox 181 1715 290 1777; x_wconf 89' lang='lat' dir='ltr'>poenas</span> <span class='ocrx_word' id='word_1_88' title='bbox 307 1695 338 1753; x_wconf 93' lang='lat' dir='ltr'>in</span> <span class='ocrx_word' id='word_1_89' title='bbox 353 1693 534 1775; x_wconf 89' lang='lat' dir='ltr'>hujusmodi</span> <span class='ocrx_word' id='word_1_90' title='bbox 549 1692 682 1753; x_wconf 87' lang='lat' dir='ltr'>decretis</span> <span class='ocrx_word' id='word_1_91' title='bbox 702 1693 875 1768; x_wconf 84' lang='lat' dir='ltr'>relaxandi,</span> <span class='ocrx_word' id='word_1_92' title='bbox 893 1694 952 1755; x_wconf 91' lang='lat' dir='ltr'>sub</span> <span class='ocrx_word' id='word_1_93' title='bbox 971 1716 1098 1777; x_wconf 91' lang='lat' dir='ltr'>quoquo</span> <span class='ocrx_word' id='word_1_94' title='bbox 1119 1696 1213 1756; x_wconf 93' lang='lat' dir='ltr'>modo</span> <span class='ocrx_word' id='word_1_95' title='bbox 1228 1698 1309 1757; x_wconf 89' lang='lat' dir='ltr'>cirea</span> 
     </span>
     <span class='ocr_line' id='line_1_14' title="bbox 181 1789 1311 1872; baseline 0.002 -23"><span class='ocrx_word' id='word_1_96' title='bbox 181 1790 339 1872; x_wconf 85' lang='lat' dir='ltr'>praemissa</span> <span class='ocrx_word' id='word_1_97' title='bbox 354 1789 571 1870; x_wconf 91' lang='lat' dir='ltr'>dispensandi,</span> <span class='ocrx_word' id='word_1_98' title='bbox 589 1789 691 1849; x_wconf 92' lang='lat' dir='ltr'>omnis</span> <span class='ocrx_word' id='word_1_99' title='bbox 705 1797 737 1849; x_wconf 89' lang='lat' dir='ltr'>et</span> <span class='ocrx_word' id='word_1_100' title='bbox 751 1809 957 1871; x_wconf 83' lang='lat' dir='ltr'>quaecumque</span> <span class='ocrx_word' id='word_1_101' title='bbox 978 1791 1110 1851; x_wconf 83' lang='lat' dir='ltr'>facultas</span> <span class='ocrx_word' id='word_1_102' title='bbox 1125 1791 1165 1850; x_wconf 88' lang='lat' dir='ltr'>sit</span> <span class='ocrx_word' id='word_1_103' title='bbox 1185 1793 1311 1871; x_wconf 89' lang='lat' dir='ltr'>penitus</span> 
     </span>
     <span class='ocr_line' id='line_1_15' title="bbox 182 1886 360 1946; baseline 0.006 -1"><span class='ocrx_word' id='word_1_104' title='bbox 182 1886 360 1946; x_wconf 88' lang='lat' dir='ltr'>interdicta.</span> 
     </span>
    </p>

    <p class='ocr_par' dir='ltr' id='par_1_4' title="bbox 181 1981 1318 4362">
     <span class='ocr_line' id='line_1_16' title="bbox 220 1981 1309 2062; baseline 0.001 -21"><span class='ocrx_word' id='word_1_105' title='bbox 220 1983 299 2058; x_wconf 75' lang='lat' dir='ltr'>§aa</span> <span class='ocrx_word' id='word_1_106' title='bbox 318 1981 388 2041; x_wconf 92' lang='lat' dir='ltr'>Non</span> <span class='ocrx_word' id='word_1_107' title='bbox 404 1981 612 2054; x_wconf 88' lang='lat' dir='ltr'>obstantibus,</span> <span class='ocrx_word' id='word_1_108' title='bbox 627 1981 730 2062; x_wconf 90' lang='lat' dir='ltr'>quoad</span> <span class='ocrx_word' id='word_1_109' title='bbox 747 1981 956 2061; x_wconf 90' lang='lat' dir='ltr'>suprascripta</span> <span class='ocrx_word' id='word_1_110' title='bbox 975 1983 1077 2042; x_wconf 92' lang='lat' dir='ltr'>omnia</span> <span class='ocrx_word' id='word_1_111' title='bbox 1094 1989 1126 2041; x_wconf 90' lang='lat' dir='ltr'>et</span> <span class='ocrx_word' id='word_1_112' title='bbox 1140 1983 1262 2062; x_wconf 82' lang='lat' dir='ltr'>singula</span> <span class='ocrx_word' id='word_1_113' title='bbox 1278 1983 1309 2042; x_wconf 94' lang='lat' dir='ltr'>in</span> 
     </span>
     <span class='ocr_line' id='line_1_17' title="bbox 181 2077 1310 2159; baseline 0.003 -24"><span class='ocrx_word' id='word_1_114' title='bbox 181 2077 360 2159; x_wconf 87' lang='lat' dir='ltr'>hujusmodi</span> <span class='ocrx_word' id='word_1_115' title='bbox 376 2077 508 2136; x_wconf 89' lang='lat' dir='ltr'>decretis</span> <span class='ocrx_word' id='word_1_116' title='bbox 524 2083 683 2150; x_wconf 89' lang='lat' dir='ltr'>contenta,</span> <span class='ocrx_word' id='word_1_117' title='bbox 701 2077 988 2138; x_wconf 87' lang='lat' dir='ltr'>Constitutionibus</span> <span class='ocrx_word' id='word_1_118' title='bbox 1002 2085 1033 2137; x_wconf 88' lang='lat' dir='ltr'>et</span> <span class='ocrx_word' id='word_1_119' title='bbox 1049 2077 1310 2139; x_wconf 88' lang='lat' dir='ltr'>Ordinationibus</span> 
     </span>
     <span class='ocr_line' id='line_1_18' title="bbox 181 2173 1311 2256; baseline -0.001 -22"><span class='ocrx_word' id='word_1_120' title='bbox 181 2173 360 2254; x_wconf 86' lang='lat' dir='ltr'>apostolicis</span> <span class='ocrx_word' id='word_1_121' title='bbox 382 2173 412 2232; x_wconf 98' lang='lat' dir='ltr'>in</span> <span class='ocrx_word' id='word_1_122' title='bbox 435 2173 575 2233; x_wconf 87' lang='lat' dir='ltr'>savorem</span> <span class='ocrx_word' id='word_1_123' title='bbox 597 2193 866 2254; x_wconf 90' lang='lat' dir='ltr'>quarumcumque</span> <span class='ocrx_word' id='word_1_124' title='bbox 886 2194 1089 2254; x_wconf 87' lang='lat' dir='ltr'>personarum</span> <span class='ocrx_word' id='word_1_125' title='bbox 1112 2181 1206 2256; x_wconf 89' lang='lat' dir='ltr'>atque</span> <span class='ocrx_word' id='word_1_126' title='bbox 1227 2174 1311 2234; x_wconf 90' lang='lat' dir='ltr'>ordi·</span> 
     </span>
     <span class='ocr_line' id='line_1_19' title="bbox 182 2267 1308 2348; baseline 0.001 -20"><span class='ocrx_word' id='word_1_127' title='bbox 182 2289 256 2328; x_wconf 85' lang='lat' dir='ltr'>nuin</span> <span class='ocrx_word' id='word_1_128' title='bbox 278 2277 340 2328; x_wconf 91' lang='lat' dir='ltr'>tam</span> <span class='ocrx_word' id='word_1_129' title='bbox 361 2267 603 2328; x_wconf 89' lang='lat' dir='ltr'>mendicantium</span> <span class='ocrx_word' id='word_1_130' title='bbox 624 2289 717 2348; x_wconf 88' lang='lat' dir='ltr'>quam</span> <span class='ocrx_word' id='word_1_131' title='bbox 744 2289 806 2328; x_wconf 90' lang='lat' dir='ltr'>non</span> <span class='ocrx_word' id='word_1_132' title='bbox 827 2269 1085 2343; x_wconf 84' lang='lat' dir='ltr'>mendicantium,</span> <span class='ocrx_word' id='word_1_133' title='bbox 1108 2269 1308 2342; x_wconf 85' lang='lat' dir='ltr'>Militiarum,</span> 
     </span>
     <span class='ocr_line' id='line_1_20' title="bbox 181 2363 1309 2444; baseline 0.001 -20"><span class='ocrx_word' id='word_1_134' title='bbox 181 2365 274 2424; x_wconf 90' lang='lat' dir='ltr'>etiam</span> <span class='ocrx_word' id='word_1_135' title='bbox 295 2365 326 2424; x_wconf 91' lang='lat' dir='ltr'>S.</span> <span class='ocrx_word' id='word_1_136' title='bbox 344 2364 474 2424; x_wconf 89' lang='lat' dir='ltr'>Joannis</span> <span class='ocrx_word' id='word_1_137' title='bbox 496 2363 787 2444; x_wconf 86' lang='lat' dir='ltr'>llierosolymitani,</span> <span class='ocrx_word' id='word_1_138' title='bbox 806 2372 836 2424; x_wconf 90' lang='lat' dir='ltr'>et</span> <span class='ocrx_word' id='word_1_139' title='bbox 851 2365 1153 2444; x_wconf 84' lang='lat' dir='ltr'>Congregationum,</span> <span class='ocrx_word' id='word_1_140' title='bbox 1172 2367 1309 2426; x_wconf 88' lang='lat' dir='ltr'>Societa-</span> 
     </span>
     <span class='ocr_line' id='line_1_21' title="bbox 182 2459 1310 2540; baseline 0.001 -21"><span class='ocrx_word' id='word_1_141' title='bbox 182 2466 264 2532; x_wconf 91' lang='lat' dir='ltr'>tum,</span> <span class='ocrx_word' id='word_1_142' title='bbox 282 2480 318 2520; x_wconf 91' lang='lat' dir='ltr'>ac</span> <span class='ocrx_word' id='word_1_143' title='bbox 332 2459 499 2540; x_wconf 90' lang='lat' dir='ltr'>cujuslibet</span> <span class='ocrx_word' id='word_1_144' title='bbox 514 2459 641 2519; x_wconf 90' lang='lat' dir='ltr'>alterius</span> <span class='ocrx_word' id='word_1_145' title='bbox 660 2459 814 2531; x_wconf 88' lang='lat' dir='ltr'>Instituti,</span> <span class='ocrx_word' id='word_1_146' title='bbox 832 2460 923 2519; x_wconf 90' lang='lat' dir='ltr'>etiam</span> <span class='ocrx_word' id='word_1_147' title='bbox 945 2460 1118 2519; x_wconf 89' lang='lat' dir='ltr'>necessario</span> <span class='ocrx_word' id='word_1_148' title='bbox 1134 2468 1165 2520; x_wconf 94' lang='lat' dir='ltr'>et</span> <span class='ocrx_word' id='word_1_149' title='bbox 1184 2461 1216 2520; x_wconf 93' lang='lat' dir='ltr'>in</span> <span class='ocrx_word' id='word_1_150' title='bbox 1232 2461 1310 2520; x_wconf 91' lang='lat' dir='ltr'>indi·</span> 
     </span>
     <span class='ocr_line' id='line_1_22' title="bbox 182 2554 1309 2636; baseline 0.003 -24"><span class='ocrx_word' id='word_1_151' title='bbox 182 2555 278 2616; x_wconf 89' lang='lat' dir='ltr'>viduo</span> <span class='ocrx_word' id='word_1_152' title='bbox 301 2554 510 2636; x_wconf 90' lang='lat' dir='ltr'>exprimendi,</span> <span class='ocrx_word' id='word_1_153' title='bbox 534 2554 758 2628; x_wconf 86' lang='lat' dir='ltr'>Ecclesiarum,</span> <span class='ocrx_word' id='word_1_154' title='bbox 780 2555 1057 2629; x_wconf 89' lang='lat' dir='ltr'>monasteriorum,</span> <span class='ocrx_word' id='word_1_155' title='bbox 1079 2565 1309 2627; x_wconf 85' lang='lat' dir='ltr'>conventuum,</span> 
     </span>
     <span class='ocr_line' id='line_1_23' title="bbox 182 2649 1311 2731; baseline 0.002 -20"><span class='ocrx_word' id='word_1_156' title='bbox 182 2651 402 2730; x_wconf 82' lang='lat' dir='ltr'>collegiorum,</span> <span class='ocrx_word' id='word_1_157' title='bbox 432 2651 656 2731; x_wconf 89' lang='lat' dir='ltr'>capitulorum,</span> <span class='ocrx_word' id='word_1_158' title='bbox 692 2649 909 2729; x_wconf 89' lang='lat' dir='ltr'>hospitalium,</span> <span class='ocrx_word' id='word_1_159' title='bbox 941 2651 1248 2726; x_wconf 81' lang='lat' dir='ltr'>confraternitatum,</span> <span class='ocrx_word' id='word_1_160' title='bbox 1280 2661 1311 2713; x_wconf 91' lang='lat' dir='ltr'>et</span> 
     </span>
     <span class='ocr_line' id='line_1_24' title="bbox 183 2745 1310 2829; baseline 0.001 -22"><span class='ocrx_word' id='word_1_161' title='bbox 183 2747 315 2808; x_wconf 90' lang='lat' dir='ltr'>aliorum</span> <span class='ocrx_word' id='word_1_162' title='bbox 330 2765 600 2829; x_wconf 87' lang='lat' dir='ltr'>quorumcumque</span> <span class='ocrx_word' id='word_1_163' title='bbox 616 2753 679 2805; x_wconf 88' lang='lat' dir='ltr'>tam</span> <span class='ocrx_word' id='word_1_164' title='bbox 695 2745 889 2805; x_wconf 66' lang='lat' dir='ltr'>saecularium</span> <span class='ocrx_word' id='word_1_165' title='bbox 905 2765 998 2826; x_wconf 87' lang='lat' dir='ltr'>quam</span> <span class='ocrx_word' id='word_1_166' title='bbox 1012 2745 1213 2824; x_wconf 77' lang='lat' dir='ltr'>Regularium</span> <span class='ocrx_word' id='word_1_167' title='bbox 1227 2749 1310 2808; x_wconf 89' lang='lat' dir='ltr'>loco-</span> 
     </span>
     <span class='ocr_line' id='line_1_25' title="bbox 183 2841 1310 2922; baseline 0 -20"><span class='ocrx_word' id='word_1_168' title='bbox 183 2863 268 2916; x_wconf 93' lang='lat' dir='ltr'>rum,</span> <span class='ocrx_word' id='word_1_169' title='bbox 290 2863 411 2903; x_wconf 87' lang='lat' dir='ltr'>necnon</span> <span class='ocrx_word' id='word_1_170' title='bbox 434 2841 577 2914; x_wconf 90' lang='lat' dir='ltr'>illorum,</span> <span class='ocrx_word' id='word_1_171' title='bbox 600 2841 693 2901; x_wconf 90' lang='lat' dir='ltr'>etiam</span> <span class='ocrx_word' id='word_1_172' title='bbox 713 2841 908 2921; x_wconf 82' lang='lat' dir='ltr'>juramenta,</span> <span class='ocrx_word' id='word_1_173' title='bbox 929 2842 1165 2902; x_wconf 85' lang='lat' dir='ltr'>confirmatione</span> <span class='ocrx_word' id='word_1_174' title='bbox 1186 2852 1310 2922; x_wconf 90' lang='lat' dir='ltr'>aposto-</span> 
     </span>
     <span class='ocr_line' id='line_1_26' title="bbox 184 2937 1312 3019; baseline -0.002 -21"><span class='ocrx_word' id='word_1_175' title='bbox 184 2939 258 3011; x_wconf 91' lang='lat' dir='ltr'>liea,</span> <span class='ocrx_word' id='word_1_176' title='bbox 280 2939 329 2998; x_wconf 92' lang='lat' dir='ltr'>vel</span> <span class='ocrx_word' id='word_1_177' title='bbox 349 2939 459 3019; x_wconf 89' lang='lat' dir='ltr'>quavis</span> <span class='ocrx_word' id='word_1_178' title='bbox 480 2937 625 2997; x_wconf 85' lang='lat' dir='ltr'>firmitate</span> <span class='ocrx_word' id='word_1_179' title='bbox 645 2937 816 3010; x_wconf 87' lang='lat' dir='ltr'>roboratis,</span> <span class='ocrx_word' id='word_1_180' title='bbox 837 2937 963 2997; x_wconf 86' lang='lat' dir='ltr'>statutis</span> <span class='ocrx_word' id='word_1_181' title='bbox 983 2945 1013 2996; x_wconf 91' lang='lat' dir='ltr'>et</span> <span class='ocrx_word' id='word_1_182' title='bbox 1033 2937 1312 2998; x_wconf 86' lang='lat' dir='ltr'>consuetudinibus</span> 
     </span>
     <span class='ocr_line' id='line_1_27' title="bbox 184 3031 1311 3114; baseline -0.001 -20"><span class='ocrx_word' id='word_1_183' title='bbox 184 3035 277 3094; x_wconf 89' lang='lat' dir='ltr'>etiam</span> <span class='ocrx_word' id='word_1_184' title='bbox 298 3033 614 3106; x_wconf 87' lang='lat' dir='ltr'>immemorabilibus;</span> <span class='ocrx_word' id='word_1_185' title='bbox 631 3033 803 3114; x_wconf 82' lang='lat' dir='ltr'>privilegiis</span> <span class='ocrx_word' id='word_1_186' title='bbox 818 3053 960 3112; x_wconf 90' lang='lat' dir='ltr'>quoque,</span> <span class='ocrx_word' id='word_1_187' title='bbox 980 3031 1123 3104; x_wconf 90' lang='lat' dir='ltr'>indultis,</span> <span class='ocrx_word' id='word_1_188' title='bbox 1141 3041 1172 3092; x_wconf 92' lang='lat' dir='ltr'>et</span> <span class='ocrx_word' id='word_1_189' title='bbox 1187 3033 1311 3094; x_wconf 89' lang='lat' dir='ltr'>Litteris</span> 
     </span>
     <span class='ocr_line' id='line_1_28' title="bbox 184 3127 1310 3211; baseline 0 -21"><span class='ocrx_word' id='word_1_190' title='bbox 184 3129 380 3211; x_wconf 88' lang='lat' dir='ltr'>apostolicis,</span> <span class='ocrx_word' id='word_1_191' title='bbox 399 3130 491 3190; x_wconf 89' lang='lat' dir='ltr'>etiam</span> <span class='ocrx_word' id='word_1_192' title='bbox 509 3129 587 3188; x_wconf 85' lang='lat' dir='ltr'>Mari</span> <span class='ocrx_word' id='word_1_193' title='bbox 603 3129 730 3208; x_wconf 86' lang='lat' dir='ltr'>Magno,</span> <span class='ocrx_word' id='word_1_194' title='bbox 748 3149 802 3188; x_wconf 90' lang='lat' dir='ltr'>seu</span> <span class='ocrx_word' id='word_1_195' title='bbox 820 3127 908 3188; x_wconf 89' lang='lat' dir='ltr'>Bulla</span> <span class='ocrx_word' id='word_1_196' title='bbox 924 3149 1015 3188; x_wconf 90' lang='lat' dir='ltr'>aurea</span> <span class='ocrx_word' id='word_1_197' title='bbox 1032 3135 1086 3188; x_wconf 89' lang='lat' dir='ltr'>aut</span> <span class='ocrx_word' id='word_1_198' title='bbox 1100 3129 1176 3189; x_wconf 88' lang='lat' dir='ltr'>alias</span> <span class='ocrx_word' id='word_1_199' title='bbox 1192 3151 1310 3190; x_wconf 91' lang='lat' dir='ltr'>nuncu-</span> 
     </span>
     <span class='ocr_line' id='line_1_29' title="bbox 185 3224 1313 3308; baseline 0 -22"><span class='ocrx_word' id='word_1_200' title='bbox 185 3226 280 3308; x_wconf 89' lang='lat' dir='ltr'>patis,</span> <span class='ocrx_word' id='word_1_201' title='bbox 297 3225 356 3286; x_wconf 92' lang='lat' dir='ltr'>sub</span> <span class='ocrx_word' id='word_1_202' title='bbox 371 3225 619 3306; x_wconf 90' lang='lat' dir='ltr'>quibuscumque</span> <span class='ocrx_word' id='word_1_203' title='bbox 640 3225 800 3284; x_wconf 90' lang='lat' dir='ltr'>tenoribus</span> <span class='ocrx_word' id='word_1_204' title='bbox 815 3231 845 3284; x_wconf 91' lang='lat' dir='ltr'>et</span> <span class='ocrx_word' id='word_1_205' title='bbox 866 3224 989 3298; x_wconf 81' lang='lat' dir='ltr'>formis,</span> <span class='ocrx_word' id='word_1_206' title='bbox 1006 3245 1042 3285; x_wconf 89' lang='lat' dir='ltr'>ae</span> <span class='ocrx_word' id='word_1_207' title='bbox 1059 3245 1129 3284; x_wconf 91' lang='lat' dir='ltr'>cum</span> <span class='ocrx_word' id='word_1_208' title='bbox 1149 3227 1313 3307; x_wconf 88' lang='lat' dir='ltr'>quibusvis</span> 
     </span>
     <span class='ocr_line' id='line_1_30' title="bbox 185 3319 1312 3400; baseline 0.001 -18"><span class='ocrx_word' id='word_1_209' title='bbox 185 3322 279 3382; x_wconf 89' lang='lat' dir='ltr'>etiam</span> <span class='ocrx_word' id='word_1_210' title='bbox 295 3321 562 3399; x_wconf 82' lang='lat' dir='ltr'>derogatoriarum</span> <span class='ocrx_word' id='word_1_211' title='bbox 578 3321 799 3400; x_wconf 77' lang='lat' dir='ltr'>derogatoriis,</span> <span class='ocrx_word' id='word_1_212' title='bbox 817 3328 847 3380; x_wconf 90' lang='lat' dir='ltr'>et</span> <span class='ocrx_word' id='word_1_213' title='bbox 862 3320 995 3380; x_wconf 88' lang='lat' dir='ltr'>insolitis</span> <span class='ocrx_word' id='word_1_214' title='bbox 1011 3319 1173 3396; x_wconf 80' lang='lat' dir='ltr'>clausulis3</span> <span class='ocrx_word' id='word_1_215' title='bbox 1190 3342 1312 3382; x_wconf 89' lang='lat' dir='ltr'>necnon</span> 
     </span>
     <span class='ocr_line' id='line_1_31' title="bbox 185 3417 1312 3497; baseline 0.001 -20"><span class='ocrx_word' id='word_1_216' title='bbox 185 3417 381 3478; x_wconf 90' lang='lat' dir='ltr'>irritantibus</span> <span class='ocrx_word' id='word_1_217' title='bbox 396 3417 539 3488; x_wconf 91' lang='lat' dir='ltr'>decretis,</span> <span class='ocrx_word' id='word_1_218' title='bbox 557 3418 649 3476; x_wconf 87' lang='lat' dir='ltr'>etiam</span> <span class='ocrx_word' id='word_1_219' title='bbox 665 3424 752 3478; x_wconf 89' lang='lat' dir='ltr'>motu</span> <span class='ocrx_word' id='word_1_220' title='bbox 769 3417 906 3497; x_wconf 92' lang='lat' dir='ltr'>proprio,</span> <span class='ocrx_word' id='word_1_221' title='bbox 924 3424 1007 3476; x_wconf 88' lang='lat' dir='ltr'>etex</span> <span class='ocrx_word' id='word_1_222' title='bbox 1023 3423 1106 3478; x_wconf 90' lang='lat' dir='ltr'>certa</span> <span class='ocrx_word' id='word_1_223' title='bbox 1121 3418 1260 3492; x_wconf 88' lang='lat' dir='ltr'>seientia,</span> <span class='ocrx_word' id='word_1_224' title='bbox 1277 3439 1312 3478; x_wconf 88' lang='lat' dir='ltr'>ae</span> 
     </span>
     <span class='ocr_line' id='line_1_32' title="bbox 185 3512 1311 3594; baseline -0.001 -20"><span class='ocrx_word' id='word_1_225' title='bbox 185 3513 224 3574; x_wconf 92' lang='lat' dir='ltr'>dc</span> <span class='ocrx_word' id='word_1_226' title='bbox 251 3513 431 3594; x_wconf 81' lang='lat' dir='ltr'>apostolicae</span> <span class='ocrx_word' id='word_1_227' title='bbox 456 3513 620 3593; x_wconf 88' lang='lat' dir='ltr'>potestatis</span> <span class='ocrx_word' id='word_1_228' title='bbox 644 3513 854 3593; x_wconf 87' lang='lat' dir='ltr'>plenitudine,</span> <span class='ocrx_word' id='word_1_229' title='bbox 881 3521 934 3572; x_wconf 88' lang='lat' dir='ltr'>aut</span> <span class='ocrx_word' id='word_1_230' title='bbox 958 3512 1034 3572; x_wconf 93' lang='lat' dir='ltr'>alias</span> <span class='ocrx_word' id='word_1_231' title='bbox 1059 3513 1311 3593; x_wconf 90' lang='lat' dir='ltr'>quomodolibet,</span> 
     </span>
     <span class='ocr_line' id='line_1_33' title="bbox 186 3607 1314 3690; baseline -0.001 -19"><span class='ocrx_word' id='word_1_232' title='bbox 186 3610 279 3671; x_wconf 91' lang='lat' dir='ltr'>etiam</span> <span class='ocrx_word' id='word_1_233' title='bbox 302 3609 459 3690; x_wconf 90' lang='lat' dir='ltr'>perviam</span> <span class='ocrx_word' id='word_1_234' title='bbox 483 3609 773 3668; x_wconf 87' lang='lat' dir='ltr'>communicationis</span> <span class='ocrx_word' id='word_1_235' title='bbox 795 3629 849 3667; x_wconf 88' lang='lat' dir='ltr'>seu</span> <span class='ocrx_word' id='word_1_236' title='bbox 872 3607 1077 3680; x_wconf 88' lang='lat' dir='ltr'>extensionis,</span> <span class='ocrx_word' id='word_1_237' title='bbox 1095 3609 1265 3683; x_wconf 76' lang='lat' dir='ltr'>concessiS,</span> <span class='ocrx_word' id='word_1_238' title='bbox 1283 3617 1314 3670; x_wconf 88' lang='lat' dir='ltr'>et</span> 
     </span>
     <span class='ocr_line' id='line_1_34' title="bbox 186 3703 1313 3785; baseline -0.002 -19"><span class='ocrx_word' id='word_1_239' title='bbox 186 3706 305 3766; x_wconf 87' lang='lat' dir='ltr'>iteratis</span> <span class='ocrx_word' id='word_1_240' title='bbox 334 3705 454 3765; x_wconf 90' lang='lat' dir='ltr'>vicibus</span> <span class='ocrx_word' id='word_1_241' title='bbox 487 3704 667 3785; x_wconf 90' lang='lat' dir='ltr'>approbatis</span> <span class='ocrx_word' id='word_1_242' title='bbox 694 3711 724 3763; x_wconf 94' lang='lat' dir='ltr'>et</span> <span class='ocrx_word' id='word_1_243' title='bbox 751 3703 926 3776; x_wconf 80' lang='lat' dir='ltr'>innovatis3</span> <span class='ocrx_word' id='word_1_244' title='bbox 954 3703 1075 3763; x_wconf 88' lang='lat' dir='ltr'>etiamsi</span> <span class='ocrx_word' id='word_1_245' title='bbox 1102 3725 1159 3784; x_wconf 90' lang='lat' dir='ltr'>pro</span> <span class='ocrx_word' id='word_1_246' title='bbox 1188 3703 1313 3764; x_wconf 90' lang='lat' dir='ltr'>illorum</span> 
     </span>
     <span class='ocr_line' id='line_1_35' title="bbox 187 3799 1314 3880; baseline -0.001 -18"><span class='ocrx_word' id='word_1_247' title='bbox 187 3801 354 3862; x_wconf 77' lang='lat' dir='ltr'>sufficienti</span> <span class='ocrx_word' id='word_1_248' title='bbox 373 3801 591 3880; x_wconf 81' lang='lat' dir='ltr'>derogatione,</span> <span class='ocrx_word' id='word_1_249' title='bbox 608 3799 647 3860; x_wconf 92' lang='lat' dir='ltr'>de</span> <span class='ocrx_word' id='word_1_250' title='bbox 667 3799 727 3859; x_wconf 91' lang='lat' dir='ltr'>illis</span> <span class='ocrx_word' id='word_1_251' title='bbox 746 3819 917 3880; x_wconf 87' lang='lat' dir='ltr'>eorumque</span> <span class='ocrx_word' id='word_1_252' title='bbox 934 3799 1006 3859; x_wconf 88' lang='lat' dir='ltr'>totis</span> <span class='ocrx_word' id='word_1_253' title='bbox 1025 3800 1186 3861; x_wconf 89' lang='lat' dir='ltr'>tenoribus</span> <span class='ocrx_word' id='word_1_254' title='bbox 1206 3809 1237 3861; x_wconf 91' lang='lat' dir='ltr'>et</span> <span class='ocrx_word' id='word_1_255' title='bbox 1253 3801 1314 3861; x_wconf 90' lang='lat' dir='ltr'>lor-</span> 
     </span>
     <span class='ocr_line' id='line_1_36' title="bbox 187 3893 1313 3978; baseline -0.001 -20"><span class='ocrx_word' id='word_1_256' title='bbox 187 3899 261 3972; x_wconf 90' lang='lat' dir='ltr'>mis,</span> <span class='ocrx_word' id='word_1_257' title='bbox 283 3897 425 3978; x_wconf 87' lang='lat' dir='ltr'>specialis</span> <span class='ocrx_word' id='word_1_258' title='bbox 445 3905 475 3957; x_wconf 89' lang='lat' dir='ltr'>et</span> <span class='ocrx_word' id='word_1_259' title='bbox 495 3895 654 3956; x_wconf 91' lang='lat' dir='ltr'>individua</span> <span class='ocrx_word' id='word_1_260' title='bbox 674 3917 709 3956; x_wconf 88' lang='lat' dir='ltr'>ae</span> <span class='ocrx_word' id='word_1_261' title='bbox 729 3896 767 3956; x_wconf 92' lang='lat' dir='ltr'>de</span> <span class='ocrx_word' id='word_1_262' title='bbox 786 3895 882 3956; x_wconf 91' lang='lat' dir='ltr'>verbo</span> <span class='ocrx_word' id='word_1_263' title='bbox 902 3895 940 3955; x_wconf 90' lang='lat' dir='ltr'>ad</span> <span class='ocrx_word' id='word_1_264' title='bbox 962 3893 1106 3970; x_wconf 91' lang='lat' dir='ltr'>verbum,</span> <span class='ocrx_word' id='word_1_265' title='bbox 1128 3918 1190 3957; x_wconf 94' lang='lat' dir='ltr'>non</span> <span class='ocrx_word' id='word_1_266' title='bbox 1210 3905 1313 3958; x_wconf 89' lang='lat' dir='ltr'>autem</span> 
     </span>
     <span class='ocr_line' id='line_1_37' title="bbox 187 3991 1315 4076; baseline 0 -23"><span class='ocrx_word' id='word_1_267' title='bbox 187 4015 243 4076; x_wconf 88' lang='lat' dir='ltr'>per</span> <span class='ocrx_word' id='word_1_268' title='bbox 257 3993 412 4054; x_wconf 88' lang='lat' dir='ltr'>clausulas</span> <span class='ocrx_word' id='word_1_269' title='bbox 427 3993 596 4072; x_wconf 87' lang='lat' dir='ltr'>generales,</span> <span class='ocrx_word' id='word_1_270' title='bbox 613 3991 729 4052; x_wconf 89' lang='lat' dir='ltr'>mentio</span> <span class='ocrx_word' id='word_1_271' title='bbox 744 4013 798 4052; x_wconf 89' lang='lat' dir='ltr'>seu</span> <span class='ocrx_word' id='word_1_272' title='bbox 814 3991 933 4072; x_wconf 79' lang='lat' dir='ltr'>quaevis</span> <span class='ocrx_word' id='word_1_273' title='bbox 948 3991 1007 4052; x_wconf 88' lang='lat' dir='ltr'>alia</span> <span class='ocrx_word' id='word_1_274' title='bbox 1024 3993 1182 4073; x_wconf 86' lang='lat' dir='ltr'>expressio</span> <span class='ocrx_word' id='word_1_275' title='bbox 1198 3993 1315 4053; x_wconf 89' lang='lat' dir='ltr'>baben-</span> 
     </span>
     <span class='ocr_line' id='line_1_38' title="bbox 187 4087 1316 4170; baseline -0.001 -20"><span class='ocrx_word' id='word_1_276' title='bbox 187 4089 238 4162; x_wconf 85' lang='lat' dir='ltr'>de,</span> <span class='ocrx_word' id='word_1_277' title='bbox 255 4097 310 4149; x_wconf 89' lang='lat' dir='ltr'>aut</span> <span class='ocrx_word' id='word_1_278' title='bbox 324 4087 427 4169; x_wconf 88' lang='lat' dir='ltr'>aliqua</span> <span class='ocrx_word' id='word_1_279' title='bbox 443 4088 501 4148; x_wconf 89' lang='lat' dir='ltr'>alia</span> <span class='ocrx_word' id='word_1_280' title='bbox 517 4087 669 4168; x_wconf 85' lang='lat' dir='ltr'>exquisita</span> <span class='ocrx_word' id='word_1_281' title='bbox 685 4087 782 4148; x_wconf 82' lang='lat' dir='ltr'>forma</span> <span class='ocrx_word' id='word_1_282' title='bbox 796 4087 947 4148; x_wconf 90' lang='lat' dir='ltr'>servanda</span> <span class='ocrx_word' id='word_1_283' title='bbox 962 4095 1054 4160; x_wconf 87' lang='lat' dir='ltr'>esset,</span> <span class='ocrx_word' id='word_1_284' title='bbox 1071 4095 1193 4147; x_wconf 88' lang='lat' dir='ltr'>tenores</span> <span class='ocrx_word' id='word_1_285' title='bbox 1207 4087 1316 4170; x_wconf 90' lang='lat' dir='ltr'>hujus·</span> 
     </span>
     <span class='ocr_line' id='line_1_39' title="bbox 188 4183 1314 4265; baseline 0.001 -20"><span class='ocrx_word' id='word_1_286' title='bbox 188 4184 274 4246; x_wconf 92' lang='lat' dir='ltr'>modi</span> <span class='ocrx_word' id='word_1_287' title='bbox 289 4205 325 4244; x_wconf 90' lang='lat' dir='ltr'>ac</span> <span class='ocrx_word' id='word_1_288' title='bbox 340 4185 365 4244; x_wconf 90' lang='lat' dir='ltr'>si</span> <span class='ocrx_word' id='word_1_289' title='bbox 380 4183 419 4243; x_wconf 92' lang='lat' dir='ltr'>dc</span> <span class='ocrx_word' id='word_1_290' title='bbox 434 4183 530 4244; x_wconf 91' lang='lat' dir='ltr'>verbo</span> <span class='ocrx_word' id='word_1_291' title='bbox 550 4183 589 4244; x_wconf 88' lang='lat' dir='ltr'>ad</span> <span class='ocrx_word' id='word_1_292' title='bbox 609 4183 755 4257; x_wconf 91' lang='lat' dir='ltr'>verbum,</span> <span class='ocrx_word' id='word_1_293' title='bbox 773 4183 850 4243; x_wconf 92' lang='lat' dir='ltr'>nibil</span> <span class='ocrx_word' id='word_1_294' title='bbox 870 4183 995 4265; x_wconf 88' lang='lat' dir='ltr'>penitus</span> <span class='ocrx_word' id='word_1_295' title='bbox 1015 4183 1146 4257; x_wconf 89' lang='lat' dir='ltr'>omisso,</span> <span class='ocrx_word' id='word_1_296' title='bbox 1163 4191 1195 4243; x_wconf 90' lang='lat' dir='ltr'>et</span> <span class='ocrx_word' id='word_1_297' title='bbox 1214 4183 1314 4246; x_wconf 81' lang='lat' dir='ltr'>forma</span> 
     </span>
     <span class='ocr_line' id='line_1_40' title="bbox 189 4278 1318 4362; baseline 0 -21"><span class='ocrx_word' id='word_1_298' title='bbox 189 4283 220 4341; x_wconf 95' lang='lat' dir='ltr'>in</span> <span class='ocrx_word' id='word_1_299' title='bbox 236 4280 298 4341; x_wconf 89' lang='lat' dir='ltr'>illis</span> <span class='ocrx_word' id='word_1_300' title='bbox 312 4279 426 4340; x_wconf 90' lang='lat' dir='ltr'>tradita</span> <span class='ocrx_word' id='word_1_301' title='bbox 442 4279 621 4352; x_wconf 89' lang='lat' dir='ltr'>observata,</span> <span class='ocrx_word' id='word_1_302' title='bbox 639 4279 745 4340; x_wconf 89' lang='lat' dir='ltr'>inserti</span> <span class='ocrx_word' id='word_1_303' title='bbox 762 4279 865 4340; x_wconf 88' lang='lat' dir='ltr'>lorent</span> <span class='ocrx_word' id='word_1_304' title='bbox 880 4278 1101 4360; x_wconf 67' lang='lat' dir='ltr'>praesentibus,</span> <span class='ocrx_word' id='word_1_305' title='bbox 1118 4301 1175 4362; x_wconf 92' lang='lat' dir='ltr'>pro</span> <span class='ocrx_word' id='word_1_306' title='bbox 1192 4299 1318 4361; x_wconf 88' lang='lat' dir='ltr'>expres·</span> 
     </span>
    </p>
   </div>
   <div class='ocr_carea' id='block_1_3' title="bbox 0 0 1636 5026">
    <p class='ocr_par' dir='ltr' id='par_1_5' title="bbox 0 0 1636 5026">
     <span class='ocr_line' id='line_1_41' title="bbox 0 0 1636 5026; baseline 0 0"><span class='ocrx_word' id='word_1_307' title='bbox 0 0 1636 5026; x_wconf 95' lang='lat' dir='ltr'> </span> 
     </span>
    </p>
   </div>
  </div>
 </body>
</html>
