<?xml version="1.0" encoding="UTF-8"?>
<!DOCTYPE html PUBLIC "-//W3C//DTD XHTML 1.0 Transitional//EN"
    "http://www.w3.org/TR/xhtml1/DTD/xhtml1-transitional.dtd">
<html xmlns="http://www.w3.org/1999/xhtml" xml:lang="en" lang="en">
 <head>
  <title>
</title>
<meta http-equiv="Content-Type" content="text/html;charset=utf-8" />
  <meta name='ocr-system' content='tesseract 3.04.00' />
  <meta name='ocr-capabilities' content='ocr_page ocr_carea ocr_par ocr_line ocrx_word'/>
</head>
<body>
  <div class='ocr_page' id='page_1' title='image "./praelectionesde01manygoog_0034.png"; bbox 0 0 3174 5046; ppageno 0'>
   <div class='ocr_carea' id='block_1_1' title="bbox 428 507 1307 560">
    <p class='ocr_par' dir='ltr' id='par_1_1' title="bbox 428 507 1307 560">
     <span class='ocr_line' id='line_1_1' title="bbox 428 507 1307 560; baseline -0.001 0"><span class='ocrx_word' id='word_1_1' title='bbox 428 511 472 560; x_wconf 80' lang='lat' dir='ltr'>DE</span> <span class='ocrx_word' id='word_1_2' title='bbox 492 509 574 560; x_wconf 83' lang='lat' dir='ltr'>LOCO</span> <span class='ocrx_word' id='word_1_3' title='bbox 594 507 853 558; x_wconf 78' lang='lat' dir='ltr'><strong>CELEBRATIONIS</strong></span> <span class='ocrx_word' id='word_1_4' title='bbox 872 507 980 558; x_wconf 86' lang='lat' dir='ltr'>llllSSAE</span> <span class='ocrx_word' id='word_1_5' title='bbox 1237 507 1269 560; x_wconf 79' lang='lat'>15</span> <span class='ocrx_word' id='word_1_6' title='bbox 1306 527 1307 530; x_wconf 47' lang='lat'>¹</span> 
     </span>
    </p>
   </div>
   <div class='ocr_carea' id='block_1_2' title="bbox 141 649 1284 3446">
    <p class='ocr_par' dir='ltr' id='par_1_2' title="bbox 141 649 1279 2334">
     <span class='ocr_line' id='line_1_2' title="bbox 142 649 1269 746; baseline -0.004 -24"><span class='ocrx_word' id='word_1_7' title='bbox 142 653 439 746; x_wconf 78' lang='lat' dir='ltr'>appellationibus,</span> <span class='ocrx_word' id='word_1_8' title='bbox 458 675 496 718; x_wconf 88' lang='lat' dir='ltr'>ae</span> <span class='ocrx_word' id='word_1_9' title='bbox 511 650 815 717; x_wconf 91' lang='lat' dir='ltr'>consuetudinibus</span> <span class='ocrx_word' id='word_1_10' title='bbox 834 649 1116 738; x_wconf 88' lang='lat' dir='ltr'>quibuscumque.</span> <span class='ocrx_word' id='word_1_11' title='bbox 1144 679 1159 710; x_wconf 91' lang='lat'>»</span> <span class='ocrx_word' id='word_1_12' title='bbox 1182 652 1269 738; x_wconf 86' lang='lat' dir='ltr'>Ergo</span> 
     </span>
     <span class='ocr_line' id='line_1_3' title="bbox 145 765 1270 858; baseline -0.006 -22"><span class='ocrx_word' id='word_1_13' title='bbox 145 770 331 858; x_wconf 85' lang='lat' dir='ltr'>Regulares</span> <span class='ocrx_word' id='word_1_14' title='bbox 347 767 405 854; x_wconf 88' lang='lat' dir='ltr'>jus</span> <span class='ocrx_word' id='word_1_15' title='bbox 424 765 570 854; x_wconf 91' lang='lat' dir='ltr'>amplius</span> <span class='ocrx_word' id='word_1_16' title='bbox 590 789 658 830; x_wconf 91' lang='lat' dir='ltr'>non</span> <span class='ocrx_word' id='word_1_17' title='bbox 683 765 809 830; x_wconf 88' lang='lat' dir='ltr'>habent</span> <span class='ocrx_word' id='word_1_18' title='bbox 829 765 1022 830; x_wconf 89' lang='lat' dir='ltr'>celebrandi</span> <span class='ocrx_word' id='word_1_19' title='bbox 1043 771 1138 830; x_wconf 83' lang='lat' dir='ltr'>extra</span> <span class='ocrx_word' id='word_1_20' title='bbox 1163 765 1270 830; x_wconf 91' lang='lat' dir='ltr'>eccle-</span> 
     </span>
     <span class='ocr_line' id='line_1_4' title="bbox 143 877 1271 967; baseline -0.006 -18"><span class='ocrx_word' id='word_1_21' title='bbox 143 885 211 950; x_wconf 86' lang='lat' dir='ltr'>sias</span> <span class='ocrx_word' id='word_1_22' title='bbox 231 890 265 948; x_wconf 91' lang='lat' dir='ltr'>et</span> <span class='ocrx_word' id='word_1_23' title='bbox 285 881 448 962; x_wconf 84' lang='lat' dir='ltr'>oratoria;</span> <span class='ocrx_word' id='word_1_24' title='bbox 465 881 493 945; x_wconf 91' lang='lat' dir='ltr'>si</span> <span class='ocrx_word' id='word_1_25' title='bbox 513 879 603 944; x_wconf 92' lang='lat' dir='ltr'>enim</span> <span class='ocrx_word' id='word_1_26' title='bbox 623 877 708 944; x_wconf 92' lang='lat' dir='ltr'>illud</span> <span class='ocrx_word' id='word_1_27' title='bbox 725 879 781 966; x_wconf 90' lang='lat' dir='ltr'>jus</span> <span class='ocrx_word' id='word_1_28' title='bbox 794 879 904 944; x_wconf 89' lang='lat' dir='ltr'>adbuc</span> <span class='ocrx_word' id='word_1_29' title='bbox 920 878 1095 960; x_wconf 90' lang='lat' dir='ltr'>haberent,</span> <span class='ocrx_word' id='word_1_30' title='bbox 1113 879 1271 967; x_wconf 85' lang='lat' dir='ltr'><strong>Episcopi</strong></span> 
     </span>
     <span class='ocr_line' id='line_1_5' title="bbox 141 992 1272 1084; baseline -0.003 -22"><span class='ocrx_word' id='word_1_31' title='bbox 141 1006 289 1084; x_wconf 82' lang='lat' dir='ltr'>possent,</span> <span class='ocrx_word' id='word_1_32' title='bbox 311 997 378 1060; x_wconf 94' lang='lat' dir='ltr'>imo</span> <span class='ocrx_word' id='word_1_33' title='bbox 394 995 554 1058; x_wconf 86' lang='lat' dir='ltr'>deberent</span> <span class='ocrx_word' id='word_1_34' title='bbox 574 993 684 1058; x_wconf 90' lang='lat' dir='ltr'>sinere</span> <span class='ocrx_word' id='word_1_35' title='bbox 700 1017 757 1058; x_wconf 88' lang='lat' dir='ltr'>eos</span> <span class='ocrx_word' id='word_1_36' title='bbox 773 993 821 1058; x_wconf 93' lang='lat' dir='ltr'>sio</span> <span class='ocrx_word' id='word_1_37' title='bbox 841 992 1022 1059; x_wconf 89' lang='lat' dir='ltr'>celebrare.</span> <span class='ocrx_word' id='word_1_38' title='bbox 1040 993 1137 1060; x_wconf 87' lang='lat' dir='ltr'><strong>Unde</strong></span> <span class='ocrx_word' id='word_1_39' title='bbox 1158 993 1272 1059; x_wconf 91' lang='lat' dir='ltr'>claris·</span> 
     </span>
     <span class='ocr_line' id='line_1_6' title="bbox 145 1105 1272 1196; baseline -0.004 -20"><span class='ocrx_word' id='word_1_40' title='bbox 145 1113 231 1176; x_wconf 92' lang='lat' dir='ltr'>sima</span> <span class='ocrx_word' id='word_1_41' title='bbox 259 1117 312 1175; x_wconf 89' lang='lat' dir='ltr'>est</span> <span class='ocrx_word' id='word_1_42' title='bbox 340 1107 530 1196; x_wconf 92' lang='lat' dir='ltr'>dispositio.</span> <span class='ocrx_word' id='word_1_43' title='bbox 554 1145 596 1154; x_wconf 93' lang='lat'><strong>—</strong></span> <span class='ocrx_word' id='word_1_44' title='bbox 626 1107 695 1172; x_wconf 91' lang='lat' dir='ltr'>Nec</span> <span class='ocrx_word' id='word_1_45' title='bbox 729 1105 837 1188; x_wconf 90' lang='lat' dir='ltr'>dicas,</span> <span class='ocrx_word' id='word_1_46' title='bbox 860 1131 938 1172; x_wconf 90' lang='lat' dir='ltr'>oum</span> <span class='ocrx_word' id='word_1_47' title='bbox 962 1107 1196 1195; x_wconf 79' lang='lat' dir='ltr'>quibusdan1¹,</span> <span class='ocrx_word' id='word_1_48' title='bbox 1219 1107 1272 1172; x_wconf 91' lang='lat' dir='ltr'>hic</span> 
     </span>
     <span class='ocr_line' id='line_1_7' title="bbox 145 1221 1272 1312; baseline -0.004 -23"><span class='ocrx_word' id='word_1_49' title='bbox 145 1225 200 1312; x_wconf 86' lang='lat' dir='ltr'>agi</span> <span class='ocrx_word' id='word_1_50' title='bbox 224 1224 266 1289; x_wconf 92' lang='lat' dir='ltr'>de</span> <span class='ocrx_word' id='word_1_51' title='bbox 290 1221 469 1310; x_wconf 83' lang='lat' dir='ltr'>privilegio</span> <span class='ocrx_word' id='word_1_52' title='bbox 489 1221 602 1285; x_wconf 83' lang='lat' dir='ltr'>clauso</span> <span class='ocrx_word' id='word_1_53' title='bbox 624 1222 657 1284; x_wconf 92' lang='lat' dir='ltr'>in</span> <span class='ocrx_word' id='word_1_54' title='bbox 679 1221 829 1305; x_wconf 76' lang='lat' dir='ltr'><em>Corpore</em></span> <span class='ocrx_word' id='word_1_55' title='bbox 847 1221 960 1305; x_wconf 78' lang='lat' dir='ltr'>Juria,</span> <span class='ocrx_word' id='word_1_56' title='bbox 983 1228 1016 1286; x_wconf 91' lang='lat' dir='ltr'>et</span> <span class='ocrx_word' id='word_1_57' title='bbox 1041 1221 1182 1310; x_wconf 85' lang='lat' dir='ltr'>proinde</span> <span class='ocrx_word' id='word_1_58' title='bbox 1209 1221 1272 1286; x_wconf 89' lang='lat' dir='ltr'>hoo</span> 
     </span>
     <span class='ocr_line' id='line_1_8' title="bbox 146 1333 1274 1426; baseline -0.004 -23"><span class='ocrx_word' id='word_1_59' title='bbox 146 1337 360 1426; x_wconf 82' lang='lat' dir='ltr'>privilegium</span> <span class='ocrx_word' id='word_1_60' title='bbox 380 1357 448 1400; x_wconf 90' lang='lat' dir='ltr'>non</span> <span class='ocrx_word' id='word_1_61' title='bbox 467 1333 618 1399; x_wconf 88' lang='lat' dir='ltr'>revocari</span> <span class='ocrx_word' id='word_1_62' title='bbox 633 1357 692 1421; x_wconf 90' lang='lat' dir='ltr'>per</span> <span class='ocrx_word' id='word_1_63' title='bbox 711 1334 899 1398; x_wconf 77' lang='lat' dir='ltr'>clausulam</span> <span class='ocrx_word' id='word_1_64' title='bbox 920 1334 1121 1418; x_wconf 77' lang='lat' dir='ltr'>generaliter</span> <span class='ocrx_word' id='word_1_65' title='bbox 1140 1342 1274 1400; x_wconf 88' lang='lat' dir='ltr'>tantum</span> 
     </span>
     <span class='ocr_line' id='line_1_9' title="bbox 146 1447 1275 1540; baseline -0.004 -24"><span class='ocrx_word' id='word_1_66' title='bbox 146 1451 324 1540; x_wconf 86' lang='lat' dir='ltr'>privilegia</span> <span class='ocrx_word' id='word_1_67' title='bbox 348 1455 576 1514; x_wconf 77' lang='lat' dir='ltr'>revocantem.</span> <span class='ocrx_word' id='word_1_68' title='bbox 602 1487 646 1496; x_wconf 92' lang='lat'>--</span> <span class='ocrx_word' id='word_1_69' title='bbox 670 1447 758 1512; x_wconf 88' lang='lat' dir='ltr'>Nam</span> <span class='ocrx_word' id='word_1_70' title='bbox 780 1455 916 1513; x_wconf 89' lang='lat' dir='ltr'>econtra</span> <span class='ocrx_word' id='word_1_71' title='bbox 941 1447 1072 1513; x_wconf 78' lang='lat' dir='ltr'>facilius</span> <span class='ocrx_word' id='word_1_72' title='bbox 1093 1449 1275 1534; x_wconf 87' lang='lat' dir='ltr'>derogatur</span> 
     </span>
     <span class='ocr_line' id='line_1_10' title="bbox 147 1561 1275 1653; baseline -0.005 -23"><span class='ocrx_word' id='word_1_73' title='bbox 147 1564 334 1653; x_wconf 84' lang='lat' dir='ltr'>privilegiis</span> <span class='ocrx_word' id='word_1_74' title='bbox 353 1563 475 1628; x_wconf 81' lang='lat' dir='ltr'>clausis</span> <span class='ocrx_word' id='word_1_75' title='bbox 495 1564 529 1626; x_wconf 89' lang='lat' dir='ltr'>in</span> <span class='ocrx_word' id='word_1_76' title='bbox 551 1562 699 1647; x_wconf 76' lang='lat' dir='ltr'>Corpore</span> <span class='ocrx_word' id='word_1_77' title='bbox 718 1562 826 1646; x_wconf 82' lang='lat' dir='ltr'>Jurio,</span> <span class='ocrx_word' id='word_1_78' title='bbox 844 1585 946 1650; x_wconf 89' lang='lat' dir='ltr'>quam</span> <span class='ocrx_word' id='word_1_79' title='bbox 962 1561 1037 1626; x_wconf 89' lang='lat' dir='ltr'>aliis</span> <span class='ocrx_word' id='word_1_80' title='bbox 1049 1564 1076 1642; x_wconf 80' lang='lat'>²3</span> <span class='ocrx_word' id='word_1_81' title='bbox 1099 1563 1169 1626; x_wconf 73' lang='lat' dir='ltr'>heco</span> <span class='ocrx_word' id='word_1_82' title='bbox 1185 1563 1275 1626; x_wconf 90' lang='lat' dir='ltr'>enim</span> 
     </span>
     <span class='ocr_line' id='line_1_11' title="bbox 148 1675 1272 1764; baseline -0.004 -19"><span class='ocrx_word' id='word_1_83' title='bbox 148 1685 228 1745; x_wconf 88' lang='lat' dir='ltr'>sunt</span> <span class='ocrx_word' id='word_1_84' title='bbox 246 1683 357 1764; x_wconf 85' lang='lat' dir='ltr'>sacta,</span> <span class='ocrx_word' id='word_1_85' title='bbox 380 1677 438 1741; x_wconf 91' lang='lat' dir='ltr'>illa</span> <span class='ocrx_word' id='word_1_86' title='bbox 452 1679 562 1762; x_wconf 83' lang='lat' dir='ltr'>jure,·</span> <span class='ocrx_word' id='word_1_87' title='bbox 581 1699 697 1764; x_wconf 83' lang='lat' dir='ltr'>porra,</span> <span class='ocrx_word' id='word_1_88' title='bbox 716 1675 814 1762; x_wconf 87' lang='lat' dir='ltr'>juxta</span> <span class='ocrx_word' id='word_1_89' title='bbox 835 1699 864 1741; x_wconf 91' lang='lat' dir='ltr'>c.</span> <span class='ocrx_word' id='word_1_90' title='bbox 887 1677 990 1760; x_wconf 81' lang='lat' dir='ltr'>Licet,</span> <span class='ocrx_word' id='word_1_91' title='bbox 1020 1679 1050 1758; x_wconf 82' lang='lat'>1,</span> <span class='ocrx_word' id='word_1_92' title='bbox 1073 1677 1123 1741; x_wconf 80' lang='lat' dir='ltr'>De</span> <span class='ocrx_word' id='word_1_93' title='bbox 1149 1697 1272 1757; x_wconf 73' lang='lat' dir='ltr'>consu,</span> 
     </span>
     <span class='ocr_line' id='line_1_12' title="bbox 149 1789 1276 1876; baseline -0.003 -19"><span class='ocrx_word' id='word_1_94' title='bbox 149 1795 183 1858; x_wconf 94' lang='lat' dir='ltr'>in</span> <span class='ocrx_word' id='word_1_95' title='bbox 202 1791 262 1874; x_wconf 89' lang='lat' dir='ltr'>Vl,</span> <span class='ocrx_word' id='word_1_96' title='bbox 284 1791 326 1856; x_wconf 91' lang='lat' dir='ltr'>ad</span> <span class='ocrx_word' id='word_1_97' title='bbox 350 1789 576 1856; x_wconf 88' lang='lat' dir='ltr'>revocandam</span> <span class='ocrx_word' id='word_1_98' title='bbox 595 1789 743 1876; x_wconf 88' lang='lat' dir='ltr'>priorem</span> <span class='ocrx_word' id='word_1_99' title='bbox 767 1791 894 1876; x_wconf 89' lang='lat' dir='ltr'>legem,</span> <span class='ocrx_word' id='word_1_100' title='bbox 918 1789 1043 1855; x_wconf 83' lang='lat' dir='ltr'>suflicit</span> <span class='ocrx_word' id='word_1_101' title='bbox 1061 1789 1117 1856; x_wconf 88' lang='lat' dir='ltr'>lex</span> <span class='ocrx_word' id='word_1_102' title='bbox 1142 1796 1276 1855; x_wconf 89' lang='lat' dir='ltr'>contra-</span> 
     </span>
     <span class='ocr_line' id='line_1_13' title="bbox 149 1903 1277 1994; baseline -0.004 -24"><span class='ocrx_word' id='word_1_103' title='bbox 149 1907 197 1971; x_wconf 90' lang='lat' dir='ltr'>ria</span> <span class='ocrx_word' id='word_1_104' title='bbox 223 1905 409 1994; x_wconf 81' lang='lat' dir='ltr'>posterior,</span> <span class='ocrx_word' id='word_1_105' title='bbox 440 1904 543 1969; x_wconf 92' lang='lat' dir='ltr'>etiam</span> <span class='ocrx_word' id='word_1_106' title='bbox 564 1903 637 1967; x_wconf 92' lang='lat' dir='ltr'>sine</span> <span class='ocrx_word' id='word_1_107' title='bbox 663 1904 835 1968; x_wconf 89' lang='lat' dir='ltr'>mentione</span> <span class='ocrx_word' id='word_1_108' title='bbox 854 1903 991 1990; x_wconf 81' lang='lat' dir='ltr'>prioris3</span> <span class='ocrx_word' id='word_1_109' title='bbox 1020 1927 1116 1990; x_wconf 87' lang='lat' dir='ltr'>erg0,</span> <span class='ocrx_word' id='word_1_110' title='bbox 1143 1903 1277 1969; x_wconf 90' lang='lat' dir='ltr'>etiamsi</span> 
     </span>
     <span class='ocr_line' id='line_1_14' title="bbox 150 2016 1278 2104; baseline -0.004 -20"><span class='ocrx_word' id='word_1_111' title='bbox 150 2043 245 2086; x_wconf 90' lang='lat' dir='ltr'>conc.</span> <span class='ocrx_word' id='word_1_112' title='bbox 262 2019 354 2084; x_wconf 88' lang='lat' dir='ltr'>Trid.</span> <span class='ocrx_word' id='word_1_113' title='bbox 372 2040 440 2082; x_wconf 91' lang='lat' dir='ltr'>non</span> <span class='ocrx_word' id='word_1_114' title='bbox 458 2016 644 2081; x_wconf 86' lang='lat' dir='ltr'>addidisset</span> <span class='ocrx_word' id='word_1_115' title='bbox 656 2016 831 2104; x_wconf 67' lang='lat' dir='ltr'>praelatam</span> <span class='ocrx_word' id='word_1_116' title='bbox 852 2017 1054 2098; x_wconf 79' lang='lat' dir='ltr'>clausulam,</span> <span class='ocrx_word' id='word_1_117' title='bbox 1072 2017 1278 2082; x_wconf 82' lang='lat' dir='ltr'>sufficienter</span> 
     </span>
     <span class='ocr_line' id='line_1_15' title="bbox 150 2130 1279 2222; baseline -0.002 -24"><span class='ocrx_word' id='word_1_118' title='bbox 150 2133 347 2222; x_wconf 84' lang='lat' dir='ltr'>derogasset</span> <span class='ocrx_word' id='word_1_119' title='bbox 365 2130 544 2220; x_wconf 82' lang='lat' dir='ltr'>privilegio</span> <span class='ocrx_word' id='word_1_120' title='bbox 564 2130 785 2216; x_wconf 84' lang='lat' dir='ltr'>Regularium</span> <span class='ocrx_word' id='word_1_121' title='bbox 805 2131 917 2196; x_wconf 79' lang='lat' dir='ltr'>clauso</span> <span class='ocrx_word' id='word_1_122' title='bbox 943 2132 977 2196; x_wconf 90' lang='lat' dir='ltr'>in</span> <span class='ocrx_word' id='word_1_123' title='bbox 998 2131 1147 2218; x_wconf 84' lang='lat' dir='ltr'>Corpore</span> <span class='ocrx_word' id='word_1_124' title='bbox 1163 2131 1279 2214; x_wconf 77' lang='lat' dir='ltr'>Juriv,·</span> 
     </span>
     <span class='ocr_line' id='line_1_16' title="bbox 151 2244 1159 2334; baseline -0.002 -22"><span class='ocrx_word' id='word_1_125' title='bbox 151 2271 231 2334; x_wconf 80' lang='lat' dir='ltr'>ergo</span> <span class='ocrx_word' id='word_1_126' title='bbox 251 2245 399 2312; x_wconf 86' lang='lat' dir='ltr'>dubitari</span> <span class='ocrx_word' id='word_1_127' title='bbox 424 2244 543 2332; x_wconf 90' lang='lat' dir='ltr'>nequit</span> <span class='ocrx_word' id='word_1_128' title='bbox 563 2244 604 2308; x_wconf 89' lang='lat' dir='ltr'>de</span> <span class='ocrx_word' id='word_1_129' title='bbox 621 2245 837 2309; x_wconf 87' lang='lat' dir='ltr'>revocatione</span> <span class='ocrx_word' id='word_1_130' title='bbox 857 2245 940 2310; x_wconf 90' lang='lat' dir='ltr'>dicti</span> <span class='ocrx_word' id='word_1_131' title='bbox 960 2246 1159 2333; x_wconf 83' lang='lat' dir='ltr'>privilegii³.</span> 
     </span>
    </p>

    <p class='ocr_par' dir='ltr' id='par_1_3' title="bbox 152 2355 1284 3446">
     <span class='ocr_line' id='line_1_17' title="bbox 196 2355 1277 2444; baseline 0.002 -20"><span class='ocrx_word' id='word_1_132' title='bbox 196 2361 230 2426; x_wconf 90' lang='lat' dir='ltr'>b.</span> <span class='ocrx_word' id='word_1_133' title='bbox 253 2357 439 2425; x_wconf 88' lang='lat' dir='ltr'>Clementis</span> <span class='ocrx_word' id='word_1_134' title='bbox 458 2356 505 2422; x_wconf 89' lang='lat' dir='ltr'>Xl</span> <span class='ocrx_word' id='word_1_135' title='bbox 526 2357 661 2422; x_wconf 90' lang='lat' dir='ltr'>decreto</span> <span class='ocrx_word' id='word_1_136' title='bbox 678 2355 845 2433; x_wconf 85' lang='lat' dir='ltr'>Quoniam</span> <span class='ocrx_word' id='word_1_137' title='bbox 864 2367 995 2444; x_wconf 81' lang='lat' dir='ltr'>saneta,</span> <span class='ocrx_word' id='word_1_138' title='bbox 1014 2361 1054 2426; x_wconf 78' lang='lat'>15</span> <span class='ocrx_word' id='word_1_139' title='bbox 1070 2360 1143 2425; x_wconf 89' lang='lat' dir='ltr'>dec.</span> <span class='ocrx_word' id='word_1_140' title='bbox 1161 2359 1277 2441; x_wconf 74' lang='lat'>1703⁴,</span> 
     </span>
     <span class='ocr_line' id='line_1_18' title="bbox 152 2470 1277 2562; baseline -0.003 -23"><span class='ocrx_word' id='word_1_141' title='bbox 152 2475 275 2562; x_wconf 91' lang='lat' dir='ltr'>inquo</span> <span class='ocrx_word' id='word_1_142' title='bbox 303 2473 374 2537; x_wconf 86' lang='lat' dir='ltr'>haec</span> <span class='ocrx_word' id='word_1_143' title='bbox 404 2472 595 2559; x_wconf 86' lang='lat' dir='ltr'>leguntur:</span> <span class='ocrx_word' id='word_1_144' title='bbox 629 2501 644 2531; x_wconf 71' lang='grc' dir='ltr'>ι(</span> <span class='ocrx_word' id='word_1_145' title='bbox 679 2470 753 2549; x_wconf 89' lang='lat' dir='ltr'>Quo</span> <span class='ocrx_word' id='word_1_146' title='bbox 785 2495 866 2536; x_wconf 91' lang='lat' dir='ltr'>vero</span> <span class='ocrx_word' id='word_1_147' title='bbox 895 2473 938 2538; x_wconf 90' lang='lat' dir='ltr'>ad</span> <span class='ocrx_word' id='word_1_148' title='bbox 966 2473 1072 2539; x_wconf 91' lang='lat' dir='ltr'>altare</span> <span class='ocrx_word' id='word_1_149' title='bbox 1103 2474 1277 2561; x_wconf 87' lang='lat' dir='ltr'>portatile,</span> 
     </span>
     <span class='ocr_line' id='line_1_19' title="bbox 152 2584 1277 2674; baseline -0.001 -23"><span class='ocrx_word' id='word_1_150' title='bbox 152 2589 275 2653; x_wconf 90' lang='lat' dir='ltr'>iterum</span> <span class='ocrx_word' id='word_1_151' title='bbox 309 2585 504 2650; x_wconf 84' lang='lat' dir='ltr'>inbaerendo</span> <span class='ocrx_word' id='word_1_152' title='bbox 531 2584 817 2650; x_wconf 87' lang='lat' dir='ltr'>declarationibus</span> <span class='ocrx_word' id='word_1_153' title='bbox 853 2586 1057 2674; x_wconf 90' lang='lat' dir='ltr'>supradictis</span> <span class='ocrx_word' id='word_1_154' title='bbox 1067 2589 1089 2668; x_wconf 83' lang='lat'>⁵,</span> <span class='ocrx_word' id='word_1_155' title='bbox 1130 2587 1277 2668; x_wconf 90' lang='lat' dir='ltr'>censuit,</span> 
     </span>
     <span class='ocr_line' id='line_1_20' title="bbox 153 2698 1280 2786; baseline -0.002 -22"><span class='ocrx_word' id='word_1_156' title='bbox 153 2700 308 2766; x_wconf 90' lang='lat' dir='ltr'>licentias</span> <span class='ocrx_word' id='word_1_157' title='bbox 328 2721 388 2764; x_wconf 89' lang='lat' dir='ltr'>seu</span> <span class='ocrx_word' id='word_1_158' title='bbox 407 2698 585 2786; x_wconf 86' lang='lat' dir='ltr'>privilegia</span> <span class='ocrx_word' id='word_1_159' title='bbox 609 2721 771 2764; x_wconf 87' lang='lat' dir='ltr'>concessa</span> <span class='ocrx_word' id='word_1_160' title='bbox 795 2699 970 2764; x_wconf 89' lang='lat' dir='ltr'>nonnullis</span> <span class='ocrx_word' id='word_1_161' title='bbox 993 2699 1222 2785; x_wconf 83' lang='lat' dir='ltr'>Regularibus</span> <span class='ocrx_word' id='word_1_162' title='bbox 1246 2699 1280 2763; x_wconf 94' lang='lat' dir='ltr'>in</span> 
     </span>
     <span class='ocr_line' id='line_1_21' title="bbox 154 2811 1281 2900; baseline -0.004 -21"><span class='ocrx_word' id='word_1_163' title='bbox 154 2839 183 2880; x_wconf 92' lang='lat' dir='ltr'>c.</span> <span class='ocrx_word' id='word_1_164' title='bbox 205 2815 247 2878; x_wconf 88' lang='lat' dir='ltr'>In</span> <span class='ocrx_word' id='word_1_165' title='bbox 264 2814 328 2897; x_wconf 82' lang='lat' dir='ltr'>his,</span> <span class='ocrx_word' id='word_1_166' title='bbox 348 2813 398 2878; x_wconf 81' lang='lat' dir='ltr'>Dn</span> <span class='ocrx_word' id='word_1_167' title='bbox 418 2833 617 2894; x_wconf 81' lang='lat' dir='ltr'>varvunens,</span> <span class='ocrx_word' id='word_1_168' title='bbox 640 2835 678 2877; x_wconf 91' lang='lat' dir='ltr'>ao</span> <span class='ocrx_word' id='word_1_169' title='bbox 698 2836 758 2900; x_wconf 90' lang='lat' dir='ltr'>per</span> <span class='ocrx_word' id='word_1_170' title='bbox 776 2811 910 2900; x_wconf 88' lang='lat' dir='ltr'>aliquos</span> <span class='ocrx_word' id='word_1_171' title='bbox 930 2835 1082 2878; x_wconf 88' lang='lat' dir='ltr'>summos</span> <span class='ocrx_word' id='word_1_172' title='bbox 1099 2813 1281 2878; x_wconf 89' lang='lat' dir='ltr'>Pontifices</span> 
     </span>
     <span class='ocr_line' id='line_1_22' title="bbox 155 2924 1281 3014; baseline -0.004 -20"><span class='ocrx_word' id='word_1_173' title='bbox 155 2929 231 2994; x_wconf 89' lang='lat' dir='ltr'>aliis</span> <span class='ocrx_word' id='word_1_174' title='bbox 250 2924 476 3014; x_wconf 86' lang='lat' dir='ltr'>Regularibus</span> <span class='ocrx_word' id='word_1_175' title='bbox 501 2927 766 3007; x_wconf 90' lang='lat' dir='ltr'>communicata,</span> <span class='ocrx_word' id='word_1_176' title='bbox 788 2926 907 2992; x_wconf 91' lang='lat' dir='ltr'>utendi</span> <span class='ocrx_word' id='word_1_177' title='bbox 931 2926 1023 2991; x_wconf 89' lang='lat' dir='ltr'>dicto</span> <span class='ocrx_word' id='word_1_178' title='bbox 1048 2927 1146 2992; x_wconf 90' lang='lat' dir='ltr'>altari</span> <span class='ocrx_word' id='word_1_179' title='bbox 1170 2932 1281 3014; x_wconf 90' lang='lat' dir='ltr'>porta-</span> 
     </span>
     <span class='ocr_line' id='line_1_23' title="bbox 155 3037 1281 3128; baseline -0.004 -22"><span class='ocrx_word' id='word_1_180' title='bbox 155 3041 223 3123; x_wconf 91' lang='lat' dir='ltr'>tili,</span> <span class='ocrx_word' id='word_1_181' title='bbox 246 3041 280 3105; x_wconf 92' lang='lat' dir='ltr'>in</span> <span class='ocrx_word' id='word_1_182' title='bbox 300 3063 408 3128; x_wconf 90' lang='lat' dir='ltr'>eoque</span> <span class='ocrx_word' id='word_1_183' title='bbox 427 3038 620 3104; x_wconf 87' lang='lat' dir='ltr'>celebrandi</span> <span class='ocrx_word' id='word_1_184' title='bbox 643 3039 771 3127; x_wconf 86' lang='lat' dir='ltr'>absque</span> <span class='ocrx_word' id='word_1_185' title='bbox 791 3037 1047 3104; x_wconf 85' lang='lat' dir='ltr'>Ordinariorum</span> <span class='ocrx_word' id='word_1_186' title='bbox 1072 3039 1224 3119; x_wconf 89' lang='lat' dir='ltr'>licentia,</span> <span class='ocrx_word' id='word_1_187' title='bbox 1247 3039 1281 3102; x_wconf 93' lang='lat' dir='ltr'>in</span> 
     </span>
     <span class='ocr_line' id='line_1_24' title="bbox 156 3152 1282 3242; baseline 0 -24"><span class='ocrx_word' id='word_1_188' title='bbox 156 3155 239 3219; x_wconf 89' lang='lat' dir='ltr'>locis</span> <span class='ocrx_word' id='word_1_189' title='bbox 273 3155 306 3218; x_wconf 93' lang='lat' dir='ltr'>in</span> <span class='ocrx_word' id='word_1_190' title='bbox 340 3153 462 3242; x_wconf 92' lang='lat' dir='ltr'>quibus</span> <span class='ocrx_word' id='word_1_191' title='bbox 489 3152 634 3239; x_wconf 84' lang='lat' dir='ltr'>degunt,</span> <span class='ocrx_word' id='word_1_192' title='bbox 670 3155 806 3218; x_wconf 89' lang='lat' dir='ltr'>omnino</span> <span class='ocrx_word' id='word_1_193' title='bbox 837 3160 986 3218; x_wconf 84' lang='lat' dir='ltr'>revocata</span> <span class='ocrx_word' id='word_1_194' title='bbox 1013 3176 1080 3218; x_wconf 81' lang='lat' dir='ltr'>esse</span> <span class='ocrx_word' id='word_1_195' title='bbox 1108 3177 1173 3240; x_wconf 88' lang='lat' dir='ltr'>per</span> <span class='ocrx_word' id='word_1_196' title='bbox 1195 3154 1282 3218; x_wconf 90' lang='lat' dir='ltr'>idem</span> 
     </span>
     <span class='ocr_line' id='line_1_25' title="bbox 157 3266 1284 3348; baseline -0.003 -14"><span class='ocrx_word' id='word_1_197' title='bbox 157 3291 247 3335; x_wconf 87' lang='lat' dir='ltr'>eone.</span> <span class='ocrx_word' id='word_1_198' title='bbox 272 3269 380 3348; x_wconf 77' lang='lat' dir='ltr'>Trid,</span> <span class='ocrx_word' id='word_1_199' title='bbox 402 3275 466 3331; x_wconf 91' lang='lat' dir='ltr'>eto.</span> <span class='ocrx_word' id='word_1_200' title='bbox 493 3295 507 3327; x_wconf 79' lang='lat' dir='ltr'>n</span> <span class='ocrx_word' id='word_1_201' title='bbox 530 3266 627 3333; x_wconf 92' lang='lat' dir='ltr'>Unde</span> <span class='ocrx_word' id='word_1_202' title='bbox 649 3267 747 3333; x_wconf 90' lang='lat' dir='ltr'>hodie</span> <span class='ocrx_word' id='word_1_203' title='bbox 768 3267 809 3333; x_wconf 92' lang='lat' dir='ltr'>de</span> <span class='ocrx_word' id='word_1_204' title='bbox 828 3267 891 3332; x_wconf 88' lang='lat' dir='ltr'>bac</span> <span class='ocrx_word' id='word_1_205' title='bbox 911 3267 1126 3333; x_wconf 86' lang='lat' dir='ltr'>revocatione</span> <span class='ocrx_word' id='word_1_206' title='bbox 1146 3291 1284 3333; x_wconf 91' lang='lat' dir='ltr'>concor-</span> 
     </span>
     <span class='ocr_line' id='line_1_26' title="bbox 158 3383 389 3446; baseline 0 0"><span class='ocrx_word' id='word_1_207' title='bbox 158 3383 240 3446; x_wconf 86' lang='lat' dir='ltr'>dant</span> <span class='ocrx_word' id='word_1_208' title='bbox 259 3405 389 3446; x_wconf 92' lang='lat' dir='ltr'>omnes.</span> 
     </span>
    </p>
   </div>
   <div class='ocr_carea' id='block_1_3' title="bbox 160 3533 1288 4159">
    <p class='ocr_par' dir='ltr' id='par_1_4' title="bbox 160 3533 1288 3918">
     <span class='ocr_line' id='line_1_27' title="bbox 191 3533 1284 3593; baseline -0.002 -9"><span class='ocrx_word' id='word_1_209' title='bbox 191 3536 199 3568; x_wconf 89' lang='lat'><strong>¹</strong></span> <span class='ocrx_word' id='word_1_210' title='bbox 216 3535 335 3592; x_wconf 83' lang='lat' dir='ltr'>Quorum</span> <span class='ocrx_word' id='word_1_211' title='bbox 351 3536 459 3584; x_wconf 88' lang='lat' dir='ltr'>nomina</span> <span class='ocrx_word' id='word_1_212' title='bbox 474 3535 556 3584; x_wconf 78' lang='lat' dir='ltr'>refert</span> <span class='ocrx_word' id='word_1_213' title='bbox 572 3534 760 3593; x_wconf 83' lang='lat' dir='ltr'>Rcillcnstucl,</span> <span class='ocrx_word' id='word_1_214' title='bbox 775 3535 801 3582; x_wconf 90' lang='lat' dir='ltr'>in</span> <span class='ocrx_word' id='word_1_215' title='bbox 819 3535 860 3584; x_wconf 91' lang='lat' dir='ltr'>tit.</span> <span class='ocrx_word' id='word_1_216' title='bbox 877 3535 914 3582; x_wconf 86' lang='lat' dir='ltr'>De</span> <span class='ocrx_word' id='word_1_217' title='bbox 929 3533 1110 3582; x_wconf 85' lang='lat' dir='ltr'>celebratione</span> <span class='ocrx_word' id='word_1_218' title='bbox 1126 3534 1284 3592; x_wconf 76' lang='lat' dir='ltr'>missarum,</span> 
     </span>
     <span class='ocr_line' id='line_1_28' title="bbox 160 3620 226 3664; baseline 0 -1"><span class='ocrx_word' id='word_1_219' title='bbox 160 3631 186 3664; x_wconf 88' lang='lat' dir='ltr'>n.</span> <span class='ocrx_word' id='word_1_220' title='bbox 203 3620 226 3664; x_wconf 82' lang='lat'>5.</span> 
     </span>
     <span class='ocr_line' id='line_1_29' title="bbox 191 3693 1285 3758; baseline -0.002 -14"><span class='ocrx_word' id='word_1_221' title='bbox 191 3695 331 3758; x_wconf 81' lang='lat' dir='ltr'>²chuo</span> <span class='ocrx_word' id='word_1_222' title='bbox 355 3695 388 3744; x_wconf 85' lang='lat' dir='ltr'>cl.</span> <span class='ocrx_word' id='word_1_223' title='bbox 412 3695 531 3758; x_wconf 71' lang='lat' dir='ltr'>Pugnan,</span> <span class='ocrx_word' id='word_1_224' title='bbox 548 3695 575 3741; x_wconf 91' lang='lat' dir='ltr'>in</span> <span class='ocrx_word' id='word_1_225' title='bbox 604 3709 627 3743; x_wconf 88' lang='lat' dir='ltr'>c.</span> <span class='ocrx_word' id='word_1_226' title='bbox 648 3693 782 3742; x_wconf 82' lang='lat' dir='ltr'>Nonnulli</span> <span class='ocrx_word' id='word_1_227' title='bbox 805 3694 863 3756; x_wconf 80' lang='lat'>(28,</span> <span class='ocrx_word' id='word_1_228' title='bbox 882 3694 920 3742; x_wconf 87' lang='lat' dir='ltr'>De</span> <span class='ocrx_word' id='word_1_229' title='bbox 945 3693 1108 3757; x_wconf 78' lang='lat' dir='ltr'>rescriptis),</span> <span class='ocrx_word' id='word_1_230' title='bbox 1133 3709 1159 3741; x_wconf 91' lang='lat' dir='ltr'>n.</span> <span class='ocrx_word' id='word_1_231' title='bbox 1180 3698 1223 3752; x_wconf 81' lang='grc'>38,</span> <span class='ocrx_word' id='word_1_232' title='bbox 1245 3709 1285 3757; x_wconf 90' lang='lat' dir='ltr'>sq.</span> 
     </span>
     <span class='ocr_line' id='line_1_30' title="bbox 161 3773 1288 3836; baseline -0.002 -12"><span class='ocrx_word' id='word_1_233' title='bbox 161 3777 278 3834; x_wconf 84' lang='lat' dir='ltr'>Revera,</span> <span class='ocrx_word' id='word_1_234' title='bbox 301 3779 331 3824; x_wconf 87' lang='lat' dir='ltr'>ut</span> <span class='ocrx_word' id='word_1_235' title='bbox 359 3775 403 3823; x_wconf 92' lang='lat' dir='ltr'>hic</span> <span class='ocrx_word' id='word_1_236' title='bbox 433 3774 566 3832; x_wconf 87' lang='lat' dir='ltr'>ostendit,</span> <span class='ocrx_word' id='word_1_237' title='bbox 591 3773 692 3836; x_wconf 88' lang='lat' dir='ltr'>pluries</span> <span class='ocrx_word' id='word_1_238' title='bbox 716 3775 860 3822; x_wconf 86' lang='lat' dir='ltr'>concilium</span> <span class='ocrx_word' id='word_1_239' title='bbox 885 3774 957 3822; x_wconf 86' lang='lat' dir='ltr'>Trid.</span> <span class='ocrx_word' id='word_1_240' title='bbox 983 3774 1124 3836; x_wconf 81' lang='lat' dir='ltr'>abrogavit</span> <span class='ocrx_word' id='word_1_241' title='bbox 1148 3774 1288 3836; x_wconf 77' lang='lat' dir='ltr'>privilegia</span> 
     </span>
     <span class='ocr_line' id='line_1_31' title="bbox 162 3853 976 3918; baseline -0.007 -14"><span class='ocrx_word' id='word_1_242' title='bbox 162 3855 255 3904; x_wconf 78' lang='lat' dir='ltr'>clausa</span> <span class='ocrx_word' id='word_1_243' title='bbox 271 3854 299 3903; x_wconf 91' lang='lat' dir='ltr'>in</span> <span class='ocrx_word' id='word_1_244' title='bbox 315 3856 434 3918; x_wconf 86' lang='lat' dir='ltr'>Corpore</span> <span class='ocrx_word' id='word_1_245' title='bbox 448 3853 537 3912; x_wconf 74' lang='lat' dir='ltr'>luris,</span> <span class='ocrx_word' id='word_1_246' title='bbox 553 3855 628 3902; x_wconf 89' lang='lat' dir='ltr'>nulla</span> <span class='ocrx_word' id='word_1_247' title='bbox 640 3853 712 3902; x_wconf 83' lang='lat' dir='ltr'>sacta</span> <span class='ocrx_word' id='word_1_248' title='bbox 726 3854 759 3901; x_wconf 86' lang='lat' dir='ltr'>de</span> <span class='ocrx_word' id='word_1_249' title='bbox 773 3853 815 3902; x_wconf 86' lang='lat' dir='ltr'>his</span> <span class='ocrx_word' id='word_1_250' title='bbox 831 3853 976 3902; x_wconf 89' lang='lat' dir='ltr'>mentione.</span> 
     </span>
    </p>

    <p class='ocr_par' dir='ltr' id='par_1_5' title="bbox 162 3933 1286 4078">
     <span class='ocr_line' id='line_1_32' title="bbox 192 3933 1286 3998; baseline -0.002 -15"><span class='ocrx_word' id='word_1_251' title='bbox 192 3935 257 3986; x_wconf 81' lang='lat' dir='ltr'>³Cl.</span> <span class='ocrx_word' id='word_1_252' title='bbox 274 3936 356 3984; x_wconf 86' lang='lat' dir='ltr'>ctiam</span> <span class='ocrx_word' id='word_1_253' title='bbox 371 3935 471 3983; x_wconf 89' lang='lat' dir='ltr'>Bencd.</span> <span class='ocrx_word' id='word_1_254' title='bbox 491 3933 565 3993; x_wconf 87' lang='lat' dir='ltr'>xlv,</span> <span class='ocrx_word' id='word_1_255' title='bbox 586 3935 690 3996; x_wconf 84' lang='lat' dir='ltr'>encycl.</span> <span class='ocrx_word' id='word_1_256' title='bbox 710 3934 820 3998; x_wconf 61' lang='lat' dir='ltr'>Magno,</span> <span class='ocrx_word' id='word_1_257' title='bbox 838 3939 851 3982; x_wconf 81' lang='lat'><strong>2</strong></span> <span class='ocrx_word' id='word_1_258' title='bbox 868 3933 937 3996; x_wconf 83' lang='lat' dir='ltr'>junii</span> <span class='ocrx_word' id='word_1_259' title='bbox 962 3938 1036 3993; x_wconf 80' lang='lat'>1751,</span> <span class='ocrx_word' id='word_1_260' title='bbox 1053 3937 1078 3994; x_wconf 69' lang='lat'>§5</span> <span class='ocrx_word' id='word_1_261' title='bbox 1098 3933 1286 3998; x_wconf 80' lang='lat' dir='ltr'>29-30(13utt.</span> 
     </span>
     <span class='ocr_line' id='line_1_33' title="bbox 162 4015 473 4078; baseline -0.01 -13"><span class='ocrx_word' id='word_1_262' title='bbox 162 4015 267 4073; x_wconf 69' lang='lat' dir='ltr'>bened„</span> <span class='ocrx_word' id='word_1_263' title='bbox 283 4017 303 4064; x_wconf 85' lang='lat' dir='ltr'>t.</span> <span class='ocrx_word' id='word_1_264' title='bbox 320 4031 361 4074; x_wconf 86' lang='lat' dir='ltr'>m,</span> <span class='ocrx_word' id='word_1_265' title='bbox 377 4031 403 4064; x_wconf 93' lang='lat' dir='ltr'>n.</span> <span class='ocrx_word' id='word_1_266' title='bbox 421 4015 473 4078; x_wconf 74' lang='lat' dir='ltr'>la).</span> 
     </span>
    </p>

    <p class='ocr_par' dir='ltr' id='par_1_6' title="bbox 193 4093 1286 4159">
     <span class='ocr_line' id='line_1_34' title="bbox 193 4093 1286 4159; baseline 0 -17"><span class='ocrx_word' id='word_1_267' title='bbox 193 4096 203 4129; x_wconf 78' lang='lat'><strong>⁴</strong></span> <span class='ocrx_word' id='word_1_268' title='bbox 220 4095 278 4144; x_wconf 90' lang='lat' dir='ltr'>lloc</span> <span class='ocrx_word' id='word_1_269' title='bbox 293 4095 385 4144; x_wconf 85' lang='lat' dir='ltr'>videas</span> <span class='ocrx_word' id='word_1_270' title='bbox 400 4095 426 4142; x_wconf 90' lang='lat' dir='ltr'>in</span> <span class='ocrx_word' id='word_1_271' title='bbox 441 4095 515 4144; x_wconf 86' lang='lat' dir='ltr'>calce</span> <span class='ocrx_word' id='word_1_272' title='bbox 534 4094 672 4158; x_wconf 65' lang='lat' dir='ltr'>praedictae</span> <span class='ocrx_word' id='word_1_273' title='bbox 683 4095 787 4157; x_wconf 86' lang='lat' dir='ltr'>encycl.</span> <span class='ocrx_word' id='word_1_274' title='bbox 804 4093 914 4159; x_wconf 60' lang='lat' dir='ltr'>Magna·</span> <span class='ocrx_word' id='word_1_275' title='bbox 926 4094 969 4143; x_wconf 90' lang='lat' dir='ltr'>vel</span> <span class='ocrx_word' id='word_1_276' title='bbox 984 4095 1055 4158; x_wconf 84' lang='lat' dir='ltr'>apud</span> <span class='ocrx_word' id='word_1_277' title='bbox 1067 4094 1155 4154; x_wconf 77' lang='lat' dir='ltr'>netu,</span> <span class='ocrx_word' id='word_1_278' title='bbox 1170 4094 1219 4144; x_wconf 84' lang='lat' dir='ltr'>loc.</span> <span class='ocrx_word' id='word_1_279' title='bbox 1231 4095 1286 4153; x_wconf 78' lang='lat' dir='ltr'>cit,</span> 
     </span>
    </p>
   </div>
   <div class='ocr_carea' id='block_1_4' title="bbox 162 4179 1286 4308">
    <p class='ocr_par' dir='ltr' id='par_1_7' title="bbox 162 4179 1286 4308">
     <span class='ocr_line' id='line_1_35' title="bbox 162 4179 1286 4308; baseline -0.001 -13"><span class='ocrx_word' id='word_1_280' title='bbox 162 4179 293 4302; x_wconf 33' lang='lat' dir='ltr'>n‘⁵5&#39;Quas</span> <span class='ocrx_word' id='word_1_281' title='bbox 309 4245 402 4294; x_wconf 82' lang='lat' dir='ltr'>videas</span> <span class='ocrx_word' id='word_1_282' title='bbox 423 4246 494 4308; x_wconf 86' lang='lat' dir='ltr'>apud</span> <span class='ocrx_word' id='word_1_283' title='bbox 515 4245 608 4306; x_wconf 88' lang='lat' dir='ltr'>Petra,</span> <span class='ocrx_word' id='word_1_284' title='bbox 629 4245 660 4294; x_wconf 89' lang='lat' dir='ltr'>ln</span> <span class='ocrx_word' id='word_1_285' title='bbox 677 4246 762 4295; x_wconf 80' lang='lat' dir='ltr'>conat.</span> <span class='ocrx_word' id='word_1_286' title='bbox 778 4245 807 4294; x_wconf 88' lang='lat' dir='ltr'>Il</span> <span class='ocrx_word' id='word_1_287' title='bbox 825 4243 928 4295; x_wconf 83' lang='lat' dir='ltr'>Urbani</span> <span class='ocrx_word' id='word_1_288' title='bbox 949 4245 976 4304; x_wconf 86' lang='lat' dir='ltr'>V,</span> <span class='ocrx_word' id='word_1_289' title='bbox 993 4261 1018 4293; x_wconf 91' lang='lat' dir='ltr'>n.</span> <span class='ocrx_word' id='word_1_290' title='bbox 1040 4249 1134 4306; x_wconf 67' lang='lat'>12-14,</span> <span class='ocrx_word' id='word_1_291' title='bbox 1151 4247 1286 4304; x_wconf 86' lang='lat' dir='ltr'>Venetiis,</span> 
     </span>
    </p>
   </div>
   <div class='ocr_carea' id='block_1_5' title="bbox 163 4328 516 4387">
    <p class='ocr_par' dir='ltr' id='par_1_8' title="bbox 163 4328 516 4387">
     <span class='ocr_line' id='line_1_36' title="bbox 163 4328 516 4387; baseline -0.011 -13"><span class='ocrx_word' id='word_1_292' title='bbox 163 4329 237 4383; x_wconf 68' lang='lat'>1741,</span> <span class='ocrx_word' id='word_1_293' title='bbox 253 4328 273 4373; x_wconf 87' lang='lat' dir='ltr'>t.</span> <span class='ocrx_word' id='word_1_294' title='bbox 290 4339 325 4384; x_wconf 81' lang='lat' dir='ltr'>iv,</span> <span class='ocrx_word' id='word_1_295' title='bbox 343 4341 368 4387; x_wconf 91' lang='lat' dir='ltr'>p.</span> <span class='ocrx_word' id='word_1_296' title='bbox 382 4329 434 4373; x_wconf 72' lang='lat'>146.</span> <span class='ocrx_word' id='word_1_297' title='bbox 514 4367 516 4370; x_wconf 88' lang='lat'>.</span> 
     </span>
    </p>
   </div>
   <div class='ocr_carea' id='block_1_6' title="bbox 0 0 1619 5046">
    <p class='ocr_par' dir='ltr' id='par_1_9' title="bbox 0 0 1619 5046">
     <span class='ocr_line' id='line_1_37' title="bbox 0 0 1619 5046; baseline 0 0"><span class='ocrx_word' id='word_1_298' title='bbox 0 0 1619 5046; x_wconf 95' lang='lat' dir='ltr'> </span> 
     </span>
    </p>
   </div>
  </div>
 </body>
</html>
