3224 5044
279 509 323 559 DE
341 506 607 560 Tnansnlsslouu
628 507 669 558 ΕΤ
688 507 913 562 notaacnota:
933 510 1229 564 Etuunosruanun
1267 511 1314 565 181

189 655 293 736 enim,
308 677 383 743 quae
398 653 612 741 interpretati
628 676 758 736 sumus,
773 653 869 720 nullo
890 654 990 720 modo
1009 655 1208 745 prohibent,
1235 659 1318 747 quin

189 767 400 834 sacerdossit
406 765 569 849 liberalis,
580 774 615 833 et
624 769 772 856 aliquam
784 769 1002 836 donat-ionem
1010 771 1122 837 faciat.
1135 772 1266 853 -Sed,
1279 781 1317 838 ut

189 882 278 949 adsit
304 903 384 948 vera
407 880 611 963 liberalitas,
638 904 707 947 non
731 882 856 949 sufficit
875 891 913 950 ut
941 893 1081 971 rogatus
1099 886 1155 952 vel
1175 887 1317 952 interro·

187 1005 289 1084 gatus
316 995 473 1062 sacerdos
497 997 682 1062 consentiat
710 997 893 1062 retentioni
923 1000 1046 1086 partis;
1075 1022 1154 1065 nam
1175 999 1318 1066 Benedi-

188 1118 264 1177 ctus
284 1111 374 1192 XIV,
394 1110 623 1198 interpretans
642 1110 837 1177 authentice
861 1113 997 1178 decreta
1017 1113 1228 1202 supradicta,
1249 1115 1314 1193 ait,

188 1226 223 1291 in
243 1225 301 1292 cit.
332 1225 429 1290 brevi
455 1223 589 1300 Quanta
614 1247 714 1308 cura,
737 1247 771 1290 n.
795 1226 814 1292 3
839 1245 846 1291 :
869 1253 885 1287 «
909 1225 1181 1292 Praedecessores
1201 1226 1317 1292 Nostri

188 1341 363 1406 decretum
391 1338 593 1420 voluerunt,
622 1338 783 1404 nimirum
815 1363 834 1404 a
860 1339 1013 1428 quolibet
1037 1340 1228 1422 sacerdote,
1255 1341 1318 1406 sti-

187 1453 311 1542 pendio
344 1475 405 1519 seu
433 1453 652 1539 eleemosyna
686 1453 826 1541 majoris
860 1453 960 1542 pretii
996 1478 1056 1544 pro
1090 1453 1317 1520 celebratione

188 1567 301 1633 missae
325 1590 344 1632 a
368 1589 584 1656 quocumque
613 1574 769 1657 accepta,
796 1590 865 1633 non
890 1592 990 1657 posse
1010 1569 1109 1635 alteri
1130 1567 1314 1648 sacerdoti,

188 1682 327 1748 missam
350 1681 547 1769 hujusmodi
566 1681 795 1764 celebraturo,
818 1681 1025 1770 stipendium
1050 1705 1110 1748 seu
1130 1683 1318 1770 eleemosy-

188 1818 267 1862 nam
297 1777 439 1861 minoris
464 1795 564 1885 pretii
592 1796 740 1884 erogari,
769 1797 831 1861 etsi
859 1797 966 1862 eidem
989 1798 1155 1863 sacerdoti
1181 1797 1317 1862 missam

186 1910 382 1994 celebranti,
404 1919 436 1974 et
456 1911 686 1993 consentienti,
707 1933 741 1975 se
762 1911 904 1997 majoris
914 1911 1020 1996 pretii
1034 1911 1241 1998 stipendium
1256 1933 1313 1974 seu

186 2023 434 2110 eleemosynam
457 2025 617 2110 accepisse
638 2024 826 2089 indicasset.
849 2051 864 2085 n
885 2023 999 2108 Unde,
1021 2032 1060 2091 ut
1078 2025 1188 2114 possit
1207 2047 1316 2090 sacer-

186 2136 248 2203 dos
267 2137 359 2204 lic‘ite
384 2138 529 2203 retinere
553 2144 704 2226 partem,
726 2137 911 2226 requiritur
931 2146 970 2203 ut
990 2138 1148 2204 sacerdos
1168 2137 1316 2204 celebra-

186 2255 285 2318 turus
308 2275 377 2317 non
402 2259 557 2340 rogatus,
586 2274 649 2318 nec
676 2252 921 2340 interrogatus,
944 2254 1005 2319 sed
1024 2259 1209 2340 spontanee
1229 2252 1315 2317 banc

187 2373 319 2454 partem
347 2366 511 2432 remittat.
541 2365 596 2432 Sic
622 2367 763 2454 exponit
789 2367 878 2436 hanc
909 2367 1145 2457 exceptionem
1177 2374 1316 2432 sanctus

169 2475 388 2568 ¹Alphonsus
408 2503 486 2545 cum
505 2480 580 2545 aliis
600 2481 826 2546 communiter
838 2485 860 2548 ¹.

231 2595 270 2661 B.
292 2593 331 2659 Si
352 2616 503 2659 excessus
524 2595 684 2680 stipendii
708 2595 808 2660 datus
831 2595 875 2660 sit
900 2595 1066 2660 sacerdoti
1090 2594 1217 2659 intuitu
1234 2615 1314 2678 per·

185 2730 290 2792 sonae,
315 2708 414 2774 modo
441 2716 552 2773 tamen
581 2709 644 2774 boc
667 2717 799 2774 certum
825 2709 870 2774 sit
893 2708 1080 2773 moraliter.
1103 2745 1146 2756 -
1173 2707 1209 2773 Si
1237 2707 1313 2795 quis

185 2822 277 2888 enim
300 2821 483 2904 sacerdoti,
512 2822 570 2912 qui
596 2845 719 2910 magna
736 2821 939 2910 *praestiterit
964 2819 1144 2901 beneficia,
1173 2818 1228 2883 vel
1256 2819 1314 2906 qui

185 2936 231 3002 sit
258 2945 441 3024 cognatus,
475 2942 534 3002 aut
564 2935 664 3002 valde
691 2935 837 3017 amicus,
873 2935 1125 3022 eleemosynam
1151 2939 1313 2998 consueta

137 3087 142 3094 -
185 3051 350 3139 majorem
368 3049 497 3116 tribuat
515 3051 558 3116 ad
577 3049 815 3116 celebrandam
835 3049 987 3129 missam,
1008 3053 1103 3136 patet
1121 3045 1208 3112 hanc
1228 3045 1313 3112 elee-

185 3187 365 3252 mosynam
389 3163 533 3230 conferri
559 3187 628 3229 non
650 3171 788 3253 propter
813 3165 920 3230 solam
951 3162 1225 3244 celebrationem,
1254 3159 1313 3224 sed

185 3279 288 3344 etiam
319 3277 384 3344 alio
411 3279 530 3361 titulo,
559 3301 681 3368 nempe
707 3277 942 3366 gratitudinis,
972 3276 1144 3358 amicitiae,
1174 3280 1254 3354 eto,
1281 3281 1314 3339 et

185 3392 272 3458 hane
292 3377 459 3480 majorem
479 3393 731 3481 eleemosynam
750 3393 831 3479 eligi
849 3399 889 3458 ut
907 3391 1058 3458 medium
1076 3397 1193 3479 aptum
1208 3389 1314 3456 mani·

183 3506 331 3573 testandi
356 3507 612 3594 gratitudinem,
644 3508 850 3589 amicitiam,
884 3515 950 3573 etc.
984 3503 1081 3572 Unde
1108 3509 1202 3591 patet
1227 3502 1313 3568 ratio
1344 3501 1347 3506 ’

184 3621 406 3709 exceptionis,
423 3645 546 3710 nempe
557 3621 666 3711 majus
680 3621 890 3711 stipendium
905 3643 974 3685 non
989 3618 1061 3684 dari
1075 3617 1146 3683 solo
1165 3615 1313 3681 celebra-

185 3735 286 3801 tionis
305 3735 417 3821 titulo,
439 3736 500 3802 sed
519 3735 622 3802 etiam
641 3737 708 3801 alio
729 3735 829 3802 titulo
845 3735 1030 3800 ectrinseco
1037 3751 1051 3815 ,·
1062 3730 1165 3812 unde,
1182 3729 1312 3794 ratione

184 3848 286 3938 hujus
317 3849 411 3916 tituli
443 3850 640 3932 extrinseci,
676 3873 754 3939 pars
788 3849 926 3916 retineri
954 3853 1079 3936 potest.
1114 3883 1158 3894 -
1189 3842 1227 3908 ln
1260 3841 1312 3906 his

183 3963 366 4052 adjunctis,
387 3963 483 4030 nullo
503 3965 604 4031 modo
624 3965 808 4055 requiritur
827 3961 1014 4052 (quidquid
1034 3959 1138 4048 aliqui
1161 3957 1310 4045 dieunt),

181 4085 221 4144 ut
240 4077 417 4145 conferens
436 4080 691 4168 eleemosynam
710 4100 863 4164 enpresse
883 4075 1079 4142 manifestet
1091 4095 1187 4138 suam
1201 4071 1312 4136 inten-

182 4191 311 4259 tionem
330 4193 561 4281 gratitudinis,
579 4201 660 4277 etc.,
680 4192 774 4282 quod
786 4213 973 4282 numquam
988 4189 1043 4269 fit;
1059 4187 1120 4254 sed
1135 4183 1260 4251 suflicit
1274 4191 1313 4250 ut

215 4339 224 4372 ¹
241 4337 298 4388 Lib.
319 4338 368 4398 Vl,
384 4356 411 4390 n.
427 4347 481 4390 321.
