3224 5044
310 523 360 578 Idb
795 524 839 574 DE
857 523 956 575 tssssn

308 669 401 734 omni
412 667 606 754 exiguitatis
622 667 793 734 redituum
805 667 1025 734 excusatione
1044 675 1103 734 aut
1122 667 1188 733 alia
1202 667 1325 756 quavis
1339 689 1444 733 exce-

309 782 424 871 ptione
448 787 594 860 remota,
616 781 818 846 admissam
837 803 904 867 pro
918 781 1050 868 populo
1073 781 1139 846 sibi
1157 781 1335 846 commisso
1355 781 1443 845 cete-

309 896 477 961 brandam
496 903 529 959 et
547 895 786 981 applicandam
807 896 944 961 tencri¹.
965 923 981 956 »

352 1009 387 1074 b.
415 1007 558 1087 Quando
582 1009 787 1098 Episcopus,
815 1017 855 1075 ut
885 1031 953 1074 non
987 1032 1064 1074 raro
1085 1009 1135 1091 fit,
1162 1009 1248 1074 duas
1273 1008 1444 1074 dioeceses

308 1145 401 1210 eque
416 1124 656 1210 principaliter
682 1125 795 1190 unitae
820 1124 925 1211 regit,
946 1125 993 1189 ad
1013 1146 1116 1189 unam
1141 1131 1275 1189 tanturn
1301 1123 1443 1189 missam

309 1245 453 1304 tenetur.
475 1277 520 1290 -
546 1237 689 1304 Constat
713 1238 802 1304 clare
822 1262 864 1304 ex
893 1238 949 1304 cit.
973 1237 1096 1304 Leonis
1119 1237 1201 1303 XIII
1223 1237 1334 1318 bulla,
1358 1241 1375 1321 ᾖ
1395 1237 1443 1302 Et

309 1365 349 1418 ne
374 1353 445 1436 cui,
466 1351 525 1418 ubi
550 1353 598 1418 eit
624 1372 632 1419 :
662 1381 677 1413 ιι
710 1353 754 1418 Et
782 1353 902 1418 necui
932 1350 1137 1418 dubitationi
1163 1352 1276 1417 aditus
1302 1359 1441 1438 pateat,

307 1465 519 1532 declaramus
543 1466 680 1532 eosdem
701 1465 888 1555 Episcopos
912 1473 946 1531 et
965 1465 1106 1532 abbates
1125 1467 1204 1532 huic
1223 1465 1336 1530 officio
1357 1465 1443 1530 satis

307 1602 381 1644 esse
408 1579 557 1645 facturos
588 1603 648 1669 per
678 1579 940 1646 celebrationem
974 1589 1008 1646 et
1043 1580 1308 1669 applicationem
1336 1557 1443 1645 uilius

307 1692 419 1757 missee
443 1717 503 1781 pro
531 1693 691 1759 universo
722 1695 848 1783 populo
876 1695 940 1760 sibi
971 1695 1170 1774 commisso,
1192 1695 1325 1759 etiamsi
1354 1695 1443 1759 duas

308 1807 360 1873 vel
385 1808 505 1894 plnres
531 1809 682 1874 dioeceaes
706 1818 738 1874 ct
764 1809 919 1875 abbatias
947 1833 1040 1896 eque
1066 1809 1307 1894 principaliter
1327 1809 1443 1874 unitas

308 1927 459 2008 repente.
493 1951 510 1984 n
543 1923 650 1988 Aliud
674 1922 812 2011 quidem
844 1947 905 2012 pro
936 1924 1114 2005 Perochis,
1147 1923 1230 1988 duas
1259 1923 1442 2010 parochias

307 2060 403 2125 aeque
422 2037 653 2126 principaliter
667 2037 781 2102 unitas
802 2036 1013 2124 regentibus,
1037 2037 1206 2104 sancitum
1225 2043 1293 2118 est,
1317 2059 1442 2124 nempe

307 2151 370 2215 hos
400 2152 509 2215 teneri
536 2150 579 2215 ad
604 2151 690 2216 duas
719 2151 841 2216 missas
873 2175 933 2240 pro
960 2151 1086 2240 populo
1112 2149 1349 2239 applicandas;
1379 2151 1442 2216 sed

308 2262 489 2328 discrimen
524 2265 592 2329 Leo
631 2265 711 2330 XIII
753 2266 916 2353 explieat,
950 2265 1067 2331 dicens
1109 2264 1312 2353 parochum,
1353 2264 1444 2330 duas

306 2374 483 2464 parochias
518 2384 712 2464 regentem,
753 2401 821 2443 non
853 2385 986 2444 tantum
1024 2379 1132 2444 teneri
1165 2379 1335 2466 applicare
1378 2401 1443 2466 pro

307 2489 450 2578 populo,
473 2490 666 2573 sedetiam,
690 2493 835 2579 singulis
849 2492 969 2558 diebus
988 2493 1097 2574 festis,
1119 2493 1153 2557 in
1173 2500 1317 2582 utraque
1332 2493 1444 2559 eccle·

308 2603 357 2670 sia
376 2603 571 2691 parochiaII,
589 2629 649 2693 per
669 2630 704 2671 se
724 2607 780 2671 vel
798 2631 859 2695 per
878 2607 999 2685 alium,
1021 2605 1209 2690 celebrare,
1230 2615 1269 2673 ut
1291 2607 1444 2696 populus

309 2741 403 2784 sacro
428 2719 578 2802 intersit,
610 2719 706 2786 illum
731 2720 835 2786 verbo
865 2721 1000 2800 docere,
1028 2721 1250 2786 sacramentis
1280 2744 1441 2808 pascere,

309 2840 394 2916 etc.;
417 2856 497 2922 ergo
523 2857 659 2922 aequum
689 2843 742 2900 est
766 2841 805 2901 ut
824 2835 892 2900 illae
912 2836 987 2901 duae
1006 2835 1118 2900 missae
1138 2858 1199 2923 pro
1218 2835 1292 2923 ipso
1311 2836 1444 2923 populo

309 2947 538 3036 applicentur;
568 2971 635 3013 non
663 2949 711 3014 sic
734 2955 848 3015 autem
875 2950 917 3014 de
944 2949 1111 3036 Episcopo
1134 2969 1142 3016 :
1165 2977 1181 3010 ι(
1209 2951 1256 3014 At
1276 2973 1345 3015 non
1368 2950 1445 3015 haee

310 3061 423 3126 valere
451 3069 611 3149 possunt,
637 3063 749 3152 pergit
773 3062 946 3144 Pontifex,
973 3087 1033 3152 pro
1059 3063 1236 3151 Episcopis
1260 3063 1319 3151 qui
1339 3063 1446 3129 dissi-

310 3173 383 3239 mili
412 3175 446 3238 in
482 3175 679 3241 condicione
712 3185 746 3242 et
772 3200 874 3242 causa
902 3183 1097 3258 versantur,
1129 3200 1205 3242 cunr
1240 3178 1335 3242 nulla
1371 3179 1447 3262 leqe

313 3288 410 3352 bodie
418 3289 613 3374 jubeantur
632 3291 788 3356 crinibus
807 3292 925 3356 diebus
947 3293 1044 3376 sestis
1061 3299 1215 3357 sanctuni
1235 3293 1444 3376 sacrificium

313 3401 345 3466 in
366 3401 556 3466 cathedrali
576 3405 699 3489 templo
715 3427 880 3490 perapere
894 3406 917 3470 ³.
943 3433 959 3466 ι)
987 3431 989 3436 ·

357 3539 385 3582 c.
402 3515 437 3581 Si
457 3515 662 3604 Episcopus,
683 3525 806 3606 praeter
820 3519 990 3607 propriam
1010 3518 1195 3602 dioecesIm,
1217 3519 1318 3585 aliam
1339 3521 1447 3585 etiam

312 3629 452 3712 habeat,
473 3655 506 3696 v.
529 3655 578 3718 g.,
600 3632 778 3697 ecclesiam
802 3639 997 3715 vacantem,
1024 3655 1126 3722 quam
1151 3633 1384 3714 administrat,
1407 3642 1448 3700 ut

313 3744 568 3810 administrator
591 3744 813 3832 apostolicus,
835 3769 904 3812 una
928 3746 1030 3812 etiam
1058 3747 1161 3812 missa
1186 3746 1364 3814 satisfacit.
1401 3787 1447 3798 —

314 3857 442 3924 Eadem
462 3858 553 3924 enim
572 3882 710 3947 prorsus
729 3859 815 3924 ratio
831 3859 923 3926 valet
949 3883 987 3925 ac
1007 3883 1067 3949 pro
1088 3859 1219 3926 duabus
1239 3861 1447 3928 dioecesibus

313 3995 406 4060 aque
437 3973 677 4060 principaliter
705 3975 834 4056 unitis,
879 3973 913 4038 in
956 3997 1024 4040 uno
1067 3974 1158 4039 enim
1193 3982 1226 4040 et
1264 3975 1298 4040 in
1335 3975 1448 4041 altero

346 4183 354 4218 ¹
373 4184 470 4234 Leonis
482 4183 549 4234 XIII
562 4184 641 4242 Acta,
659 4187 678 4234 t.
696 4201 734 4244 m,
752 4201 778 4248 p.
791 4189 830 4233 at.

345 4265 356 4300 ²
373 4265 453 4325 lbid„
471 4282 497 4329 p.
513 4271 552 4314 92.

346 4344 358 4380 ⁸
374 4343 455 4402 trid„
471 4360 498 4408 p.
511 4351 549 4394 92.
