3224 5044
290 471 343 527 168
774 473 819 525 DE
837 471 936 526 nlssn

292 619 333 686 25
345 625 431 707 sept.
451 618 571 686 17791.
587 617 631 685 Et
644 618 691 685 ita
707 617 811 684 etiam
824 618 968 706 scriptor
977 617 1139 706 periodici
1153 617 1242 684 Acta
1254 618 1292 684 S.
1307 619 1418 702 Sedis,

291 739 325 796 et
343 731 443 798 Cand.
465 731 643 822 Tarquini,
665 755 767 821 quem
787 731 943 820 allegat&

334 957 403 1030 89.
419 998 463 1008 -
475 959 509 1024 2⁰
523 960 572 1025 De
587 959 864 1027 administratore
883 960 1076 1046 apostolico.
1091 997 1136 1009 —
1148 959 1422 1027 Administrator

290 1073 514 1162 apostolicuS,
536 1073 612 1162 qui,
633 1096 773 1162 nempe,
791 1074 891 1162 jussu
906 1074 1006 1139 Rom.
1030 1073 1220 1156 Pontificis,
1242 1073 1422 1140 dioecesim

290 1187 439 1276 aliquam
467 1187 697 1269 administrat,
724 1187 797 1254 sive
829 1188 864 1252 in
890 1195 1108 1277 perpetuum,
1137 1187 1209 1254 sive
1241 1188 1348 1254 etiem
1376 1187 1423 1252 ad

291 1309 425 1390 tempus
446 1302 497 1389 (v.
520 1326 568 1389 g.,
590 1307 741 1388 tempore
766 1300 856 1367 sedis
886 1301 1075 1390 vacantis),
1106 1308 1241 1368 tenetur
1266 1301 1310 1367 ad
1339 1302 1424 1366 mis⁴
1479 1333 1488 1345 ·
1589 1275 1590 1326 1

291 1437 363 1481 sam
386 1439 448 1503 pro
474 1415 612 1504 populo.
638 1453 681 1464 —
710 1413 879 1480 Constat:
903 1418 933 1480 I.
958 1415 1008 1481 Ex
1032 1415 1182 1501 peritate
1208 1438 1287 1480 cum
1306 1415 1423 1481 admi·

291 1529 472 1594 nutracore
488 1528 658 1614 parochie
677 1551 733 1593 seu
750 1529 874 1593 vicario
893 1551 1060 1595 ceconomo
1065 1548 1080 1612 ,·
1094 1529 1147 1594 hic
1163 1530 1266 1611 enim,
1284 1536 1324 1595 ut
1339 1551 1422 1594 mox

291 1641 508 1724 dictumest,
538 1648 673 1706 tenetur
692 1642 736 1706 ad
761 1641 901 1706 missam
925 1665 990 1727 pro
1017 1643 1165 1728 populo,
1187 1649 1226 1708 ut
1252 1642 1420 1724 decrevit,

292 1757 353 1821 too.
370 1755 442 1840 cit,
460 1755 665 1822 Benedictus
680 1755 776 1836 XIV;
800 1771 891 1842 ergo,
905 1779 924 1821 a
939 1757 1031 1842 pari,
1047 1763 1184 1822 tenetur
1202 1756 1423 1823 administra·

290 1877 343 1936 tor
367 1869 590 1958 apostolicus;
624 1868 709 1950 imo,
744 1893 764 1934 a
795 1870 951 1954 fortiori,
987 1869 1065 1957 quia
1099 1893 1178 1935 cuna
1205 1869 1423 1959 Episcopalis

291 1985 399 2072 magis
419 1992 580 2073 gravatur
598 1990 767 2072 praecepto
794 1983 909 2048 divino
933 1983 1046 2048 missae
1064 2007 1126 2072 pro
1150 1984 1292 2074 populo,
1315 2007 1422 2073 quam

291 2121 369 2164 cura
406 2097 625 2186 parochialis3
666 2135 709 2146 -
746 2097 778 2162 2.
819 2098 870 2163 Ex
907 2095 993 2162 infra
1030 2097 1204 2164 reserenda
1247 2099 1422 2164 decisione

290 2212 326 2278 S.
356 2209 482 2297 Congu.
518 2211 559 2275 de
589 2211 691 2300 Prop.
720 2210 813 2294 Fide,
849 2211 891 2277 23
919 2211 1030 2277 martii
1063 2211 1166 2294 1863,
1193 2236 1252 2301 pro
1283 2213 1423 2278 vicariis

193 2407 196 2413 Ι
291 2323 502 2412 apostolicis,
538 2323 571 2387 in
607 2323 685 2389 locis
717 2325 776 2390 uhi
800 2325 892 2389 sedes
920 2325 1119 2412 episcopales
1148 2327 1304 2392 canonice
1338 2336 1422 2392 sunt

292 2445 418 2502 arectae.

336 2551 369 2616 3⁰
387 2550 437 2618 De
451 2551 632 2615 abbatibus
652 2551 804 2617 Nullius.
828 2591 872 2601 -
891 2552 935 2616 Hi
954 2559 1113 2618 tenentur
1133 2553 1176 2618 ad
1195 2553 1338 2619 missam
1357 2578 1421 2644 pro

291 2664 434 2754 populo,
456 2671 494 2730 ut
514 2671 647 2730 constat
671 2688 713 2730 ex
737 2666 924 2731 clarissima
944 2665 1067 2732 Leonis
1087 2665 1168 2731 XIII
1192 2690 1293 2755 supra
1312 2667 1423 2734 relata

293 2779 479 2864 decisione,
494 2779 529 2844 iu
548 2802 614 2867 qua
634 2779 696 2844 hac
716 2779 750 2843 in
770 2802 806 2844 re
825 2801 963 2867 prorsus
982 2779 1214 2846 assimilantur
1227 2781 1418 2870 Episcopis.

293 2893 391 2959 -Si
413 2893 517 2959 abbas
540 2894 680 2958 Nullius
701 2893 824 2958 habeat
850 2893 935 2959 duas
954 2893 1107 2959 abbatias
1132 2917 1227 2983 aeque
1252 2895 1423 2984 principa·

293 3008 371 3074 liter
400 3008 528 3088 unitaS,
562 3006 617 3072 vel
647 3006 748 3072 aliam
774 3005 944 3072 abbatiam
975 3017 1086 3094 regat,
1120 3015 1178 3073 aut
1208 3007 1419 3097 parochiam,

294 3121 384 3186 idem
404 3144 541 3209 prorsus
561 3120 741 3186 dicendum
762 3128 814 3186 est
833 3143 871 3186 ao
892 3144 993 3209 supra
1013 3121 1052 3187 de
1074 3122 1242 3211 episcopo.

340 3235 374 3298 4⁰
393 3235 441 3298 De
456 3235 631 3320 Episcopus
652 3235 862 3301 titularibus.
881 3273 923 3286 -
943 3235 988 3300 Hi
1007 3259 1076 3300 non
1096 3243 1255 3302 tenentur
1279 3238 1321 3302 ad
1342 3239 1424 3304 mis-

297 3369 369 3412 sam
385 3368 452 3432 pro
466 3347 607 3432 populo,
629 3385 664 3397 -
694 3375 709 3408 «
733 3347 819 3413 Cum
838 3349 944 3432 enim,
967 3349 1014 3414 ait
1033 3349 1101 3415 Leo
1120 3349 1201 3415 XIII
1225 3351 1259 3415 in
1275 3351 1425 3439 allegata

297 3459 390 3526 bulla
409 3461 451 3526 In
469 3483 644 3547 suprema,
666 3465 682 3544 ,t
703 3461 906 3549 Quanquam
925 3485 1019 3546 uero,
1040 3463 1105 3552 ipsi
1129 3463 1259 3532 sedium
1283 3489 1425 3532 suarum

298 3575 547 3666 possessionem
568 3597 635 3641 non
656 3577 806 3664 capiant,
829 3599 895 3664 qua
914 3577 1093 3644 dumtaxat
1108 3587 1265 3666 suscepto
1284 3603 1422 3662 munuS,

299 3693 340 3757 de
365 3715 432 3780 quo
456 3691 619 3770 diximus,
639 3690 798 3779 Episcopi
821 3690 962 3779 implere
982 3699 1153 3772 tenentur,
1180 3717 1324 3783 cumque
1345 3697 1426 3761 nul-

299 3806 353 3871 lus
371 3825 482 3894 neque
506 3806 616 3871 clerus
634 3827 744 3892 neque
763 3805 909 3892 populus
929 3826 1045 3871 eorum
1068 3807 1224 3893 regimini
1249 3809 1424 3893 tradatur,

300 3920 384 3986 satis
409 3927 543 3986 constat
561 3943 636 4002 eos,
657 3919 707 3984 uti
727 3925 842 3984 canent
861 3943 925 3984 usu
945 3929 1046 4009 atque
1067 3922 1226 3987 exercitio
1246 3926 1428 4012 potestatis

300 4057 340 4100 ex
361 4035 543 4124 episcopali
567 4022 819 4100 consecratione
844 4041 1005 4122 acceptae,
1033 4035 1079 4100 ita
1106 4036 1208 4102 etiam
1227 4037 1317 4103 haud
1348 4062 1427 4105 csse

332 4205 339 4238 ¹
360 4205 529 4255 collectanea
546 4206 602 4266 cit,
618 4221 644 4254 n.
661 4209 718 4264 191,
732 4219 758 4267 p.
775 4209 813 4254 74.
887 4219 894 4230 ·

331 4284 342 4319 ²
358 4286 425 4334 Acta
439 4285 464 4334 S.
480 4287 568 4344 Sedis,
586 4289 605 4334 t.
618 4301 672 4346 xiv,
686 4300 713 4349 p.
727 4289 852 4334 553-554.
