3224 5044
282 508 327 558 DE
345 491 673 560 mansmsslonn'nr
692 509 917 561 COLLECTIONE
936 509 1232 562 ELEEMOSYNARUM
1272 507 1321 570 ¹8³

193 652 404 718 municatum
430 660 483 719 est
510 653 569 718 cit.
600 676 802 742 responsum
831 654 874 719 ad
902 654 939 736 2,
966 653 1002 719 in
1030 655 1255 720 Coloniensi¹.
1278 694 1321 704 —

193 767 323 832 Harum
343 775 459 834 aulem
478 768 740 857 responsionum
759 769 846 834 ratio
864 776 975 856 patet;
997 769 1033 834 in
1052 769 1106 834 his
1126 769 1217 835 enim
1237 769 1321 836 casi-

192 879 268 963 bus,
291 881 401 969 majus
421 881 629 970 stipendium
649 883 760 966 datur,
778 905 846 949 non
864 883 936 948 solo
950 882 1186 949 celebrationis
1205 883 1318 965 titulo,

193 997 254 1061 sed
278 996 345 1062 alio
368 997 469 1062 titulo
489 997 698 1079 extrinseco,
721 1020 843 1086 nempe
867 998 1036 1064 solutione
1056 997 1144 1086 juris
1168 999 1321 1064 Perocho

193 1109 311 1178 debiti.
328 1151 373 1160 —
395 1110 593 1176 Notandum
618 1117 670 1177 est
689 1111 803 1177 locum
822 1135 892 1177 non
907 1135 982 1178 esse
997 1112 1076 1178 huic
1095 1113 1203 1178 tertiae
1223 1135 1321 1178 exce-

186 1225 302 1313 ptioni
321 1225 356 1289 in
382 1225 501 1291 multis
520 1224 596 1290 aliis
615 1226 829 1312 regionibus,
851 1251 885 1293 v.
911 1251 960 1313 g.,
987 1227 1022 1290 in
1048 1226 1176 1308 Gallia,
1199 1226 1321 1292 saltem

191 1339 227 1404 in
247 1339 401 1428 pluribus
421 1339 636 1421 dioecesibus,
657 1341 693 1404 in
713 1339 849 1428 quibus,
871 1364 931 1429 pro
951 1341 1121 1428 exsequiis
1140 1347 1198 1406 aut
1217 1338 1321 1405 bene-

192 1453 341 1518 dictione
364 1454 526 1543 nuptiali,
542 1456 606 1541 jus
624 1455 717 1520 stole
742 1455 894 1520 Parocho
919 1454 1063 1520 solvitur
1086 1454 1268 1543 separatim
1287 1460 1322 1518 et

192 1567 228 1631 in
247 1566 365 1655 globo,
398 1569 490 1657 quod
516 1569 544 1634 si
577 1569 784 1656 stipendium
813 1569 994 1634 missarum
1018 1569 1053 1633 in
1078 1568 1131 1634 his
1150 1567 1321 1658 adjunctis
1360 1621 1363 1626 .

193 1681 294 1747 solito
319 1681 430 1769 majus
454 1683 514 1764 sit,
537 1705 606 1748 non
631 1689 684 1748 est
707 1683 773 1749 nisi
792 1684 922 1749 ratione
941 1682 1032 1748 horae
1051 1683 1214 1764 insolitae,
1236 1682 1321 1747 alio-

192 1818 312 1862 rumve
332 1797 637 1878 incommodorum,
656 1797 746 1863 unde
769 1797 976 1886 stipendium
992 1798 1164 1884 integrum
1180 1796 1322 1863 debetur

193 1909 391 1992 celebranti,
413 1912 618 2000 quicumque
639 1913 722 1977 est’.

237 2024 272 2088 2⁰
291 2025 339 2090 De
367 2026 476 2090 missis
502 2026 678 2111 beneficio,
703 2024 912 2111 capellaniae,
933 2026 1146 2111 fundationi,
1169 2025 1318 2091 annexis.

235 2143 276 2206 A.
303 2139 447 2220 Quando
474 2138 633 2205 sacerdos
662 2139 802 2205 missam
832 2139 1002 2226 applicare
1028 2145 1164 2206 tenetur
1191 2139 1322 2204 ratione

191 2251 359 2336 beneficii,
385 2275 454 2317 non
480 2253 680 2333 tenetur„si
701 2252 841 2317 missam
860 2251 918 2317 alii
938 2253 1130 2318 committat
1149 2250 1321 2318 celebran-

192 2365 283 2448 dam,
305 2366 335 2431 ei
355 2372 465 2432 totum
485 2366 618 2433 tradere
638 2366 846 2456 stipendium
865 2367 956 2456 quod
971 2349 1212 2455 correspondet
1232 2365 1320 2432 redi-

189 2479 283 2547 tibus
293 2479 463 2562 beneficii,
482 2481 542 2546 sed
552 2479 679 2546 suflicit
697 2488 736 2546 ut
755 2480 812 2547 det
833 2482 1086 2570 eleemosynam
1106 2481 1253 2546 solitam.
1267 2477 1320 2530 '-

191 2595 336 2662 Constat
344 2595 532 2680 Responsia,
543 2617 645 2683 super
653 2595 797 2660 decretis
805 2619 860 2662 an.
872 2595 970 2678 1625,
979 2619 1101 2684 nempe
1109 2593 1316 2684 responso8:

192 2737 208 2770 a
225 2708 316 2774 Satis
331 2716 459 2775 esseut
474 2716 584 2774 rector
598 2707 766 2791 beneficii,
782 2709 840 2797 qui
854 2716 969 2797 potest
984 2710 1124 2774 missam
1138 2731 1200 2796 per
1214 2709 1318 2774 alium

191 2821 376 2905 celebrare,
402 2824 534 2889 tribuat
560 2824 726 2888 sacerdoti
749 2823 934 2888 celebranti
968 2824 1214 2908 eleemosynam
1242 2845 1318 2886 con-

189 2959 332 3022 praem,
358 2936 547 3002 secundum
572 2959 701 3002 morem
725 2936 874 3002 civitatis
897 2936 954 3002 vel
979 2935 1177 3024 provinciae,
1197 2935 1264 3000 nisi
1282 2934 1318 2999 in

192 3051 389 3118 fundatione
415 3051 522 3140 ipsius
553 3050 708 3117 benelicii
740 3051 833 3116 aliud
859 3058 996 3116 cautum
1022 3050 1154 3116 luerit³.
1180 3077 1196 3112 n
1224 3049 1318 3114 Tunc

191 3165 283 3230 enim
310 3165 481 3253 stipendia
507 3165 632 3230 dantur
655 3187 723 3230 non
751 3164 824 3230 solo
851 3164 1088 3230 celebrationis
1114 3163 1231 3246 titulo,
1259 3163 1319 3228 sed

192 3279 294 3344 etiam
308 3303 369 3367 pro
382 3278 458 3344 aliis
471 3279 631 3345 oneribus
646 3279 809 3344 beneficio
825 3279 982 3361 annexis,
1000 3303 1033 3345 v.
1051 3304 1099 3367 g.,
1121 3278 1319 3344 recitatione

191 3393 350 3459 horarum
366 3393 615 3459 canonicarum.
632 3392 752 3471 Quoad
765 3393 920 3458 ultimam
935 3393 1204 3459 restrictionem:
1225 3393 1320 3458 «nisi

191 3507 225 3572 in
246 3507 460 3589 fundatione,
482 3514 562 3588 etc,
590 3536 605 3569 n
626 3507 696 3572 haue
717 3509 758 3573 de
779 3531 814 3572 se
834 3507 1049 3594 intelligitur.

236 3621 275 3686 B.
299 3623 379 3686 Haec
399 3621 575 3710 responsio
596 3621 735 3687 extendi
755 3619 856 3687 debet
871 3621 914 3686 ad
934 3622 1054 3686 missas
1067 3621 1198 3685 ratione
1211 3619 1321 3704 capel-

192 3735 304 3819 laniae,
328 3736 430 3802 etiam
461 3737 645 3820 manualis,
677 3736 781 3801 etiam
808 3735 946 3801 laicalis.
974 3773 1018 3784 -
1042 3735 1152 3798 Nam:
1176 3736 1206 3798 l.
1234 3733 1319 3798 ratio

223 3930 350 3980 ¹theas
372 3931 539 3980 Relationem
565 3929 764 3995 archiepiscopi
788 3929 957 3980 Treuireneis
976 3931 1003 3978 et
1027 3927 1122 3978 Votum
1149 3925 1321 3976 consultoris

190 4025 252 4059 cum
269 4010 456 4074 responsione,
472 4012 499 4059 in
512 4011 643 4061 Nouoelle
664 4025 744 4060 reone
760 4009 949 4074 theoloplque,
966 4012 985 4058 t.
997 4025 1054 4068 xxr,
1068 4023 1110 4057 nn.
1128 4011 1200 4066 1889,
1220 4022 1246 4070 p.
1263 4013 1321 4056 229-

192 4093 249 4148 244,
265 4091 308 4139 vel
324 4091 469 4141 Ganonlete
482 4089 699 4155 contempornin,
716 4093 736 4140 t.
751 4105 801 4148 xn,
819 4095 891 4150 1889,
906 4105 933 4153 p.
949 4091 1071 4139 ate-tol.

220 4173 231 4206 ²
247 4169 306 4219 Hoc
319 4171 400 4220 etiam
416 4175 527 4220 notatur
539 4187 587 4235 pro
603 4171 690 4220 Gallia
705 4171 732 4218 in
747 4169 878 4219 Nouoetle
896 4185 976 4220 renue
994 4167 1178 4233 theoloqique,
1197 4167 1245 4218 loc.
1262 4166 1318 4226 cit„

190 4265 217 4312 p.
233 4253 292 4309 243,
308 4251 376 4300 etin
393 4251 538 4302 Canoniste
553 4249 769 4314 contemporain,
788 4249 838 4299 loc.
852 4249 908 4308 cit,
925 4265 951 4313 p.
972 4253 1022 4298 tot.

223 4329 234 4365 ⁸
250 4330 322 4379 Bult.
337 4345 414 4388 rom„
430 4334 450 4381 t.
467 4347 506 4390 rx,
522 4347 550 4394 p.
566 4335 620 4380 468.
