3224 5044
597 489 641 539 DE
661 488 770 542 ulssls
790 491 955 544 FUNDATIS
1290 489 1339 543 133

211 631 338 698 cutioni
361 633 575 697 decretorum
595 632 850 720 praedictorum,
873 636 922 700 sic
941 641 991 716 et,
1013 657 1074 723 pro
1093 632 1336 722 Regularibus,

210 747 282 812 baec
308 769 389 811 cura
422 746 647 812 demandatur
675 748 904 836 superioribus
934 747 1117 833 localibus,
1147 747 1340 836 provincia-

211 859 301 925 libus
325 867 359 925 et
382 859 614 946 generalibus;
636 861 778 948 vigilare
802 865 883 950 ergo
908 862 1034 933 debent
1057 886 1100 928 nc
1123 862 1237 927 missae
1254 883 1339 950 prae·

212 973 345 1062 scriptae
369 975 587 1057 omittantur,
615 975 831 1058 differantur,
861 977 1094 1065 negligantur,
1117 998 1178 1042 seu
1201 997 1339 1064 perver-

213 1095 339 1168 tantur,
362 1095 396 1153 et
416 1088 480 1154 boc
500 1088 564 1154 sub
584 1112 684 1176 poena
698 1090 900 1178 privationis
914 1092 1008 1157 vocis
1024 1091 1158 1171 activae,
1178 1088 1335 1178 passivae,

210 1209 244 1266 ct
263 1202 453 1266 officiorum
472 1225 550 1267 cum
570 1202 814 1270 inhabilitate¹.

254 1318 286 1382 ὅ.
310 1316 508 1404 Superiores
524 1317 650 1382 locales
665 1341 734 1382 non
748 1318 874 1384 babent
888 1343 1007 1384 vocem
1023 1319 1169 1384 activam
1183 1306 1217 1383 et
1231 1317 1337 1406 passi-

211 1453 290 1496 vam
315 1431 350 1494 in
379 1430 538 1518 capitulis
557 1431 839 1520 provincialibus,
861 1434 927 1498 nisi
951 1433 1135 1498 exhibeant
1159 1459 1175 1493 a
1194 1438 1337 1497 attesta-

211 1543 338 1610 tionem
365 1567 425 1610 seu
461 1545 562 1609 fidem
597 1545 638 1610 ab
670 1546 828 1612 omnibus
863 1547 1098 1614 sacerdotibus
1128 1553 1335 1627 conventus,

211 1659 422 1740 monasterii,
436 1683 495 1724 seu
515 1659 757 1749 cujuscumque
777 1661 899 1726 domus
918 1661 1094 1750 regularis,
1110 1660 1338 1748 subscriptam

209 1779 244 1837 et
259 1772 424 1859 juratam,
446 1773 538 1860 quod
557 1773 715 1839 omnibus
735 1782 769 1841 et
788 1775 933 1864 singulis
952 1784 1023 1841 tam
1043 1775 1216 1864 perpetuis
1235 1793 1338 1861 quam

213 1885 429 1952 manualibus
462 1887 643 1952 missarum
677 1887 836 1953 oneribus
874 1913 935 1954 seu
972 1887 1254 1975 obligationibus,
1295 1887 1339 1952 ad

212 1999 338 2065 limites
353 2009 388 2066 et
403 2007 556 2066 tenorem
571 2001 691 2066 borum
706 2003 926 2090 praesentium
941 2003 1167 2082 decretorum,
1185 2010 1337 2090 tempore

210 2114 400 2202 regiminis,
422 2115 523 2180 suerit
542 2117 680 2180 omnino
700 2121 734 2180 et
753 2117 965 2204 integraliter
984 2117 1216 2182 satisfactum²
1237 2143 1267 2182 n.

255 2229 286 2294 6.
311 2229 558 2312 provinciales,
580 2230 695 2295 vicarii
720 2238 753 2295 et
779 2232 973 2296 visitatores
1000 2231 1251 2319 provinciarum
1276 2253 1337 2296 seu

212 2345 527 2431 congregationum,
545 2343 728 2427 debebunt,
751 2345 786 2408 in
805 2346 871 2410 fine
891 2367 1007 2410 eorum
1028 2345 1214 2433 regiminiS‚
1237 2367 1337 2432 supe·

210 2456 354 2521 rioribus
378 2457 611 2544 generalibuS,
634 2458 668 2522 in
693 2458 800 2523 forma
824 2458 1006 2547 probante,
1028 2459 1223 2540 ostendere,
1246 2457 1338 2545 quod

210 2571 402 2637 executioni
427 2573 645 2660 praesentium
675 2573 886 2638 decretorum
916 2573 1032 2637 sedulo
1064 2571 1334 2659 invigilaverint,

208 2685 299 2773 quod
327 2687 458 2753 debitas
483 2688 631 2754 rationes
659 2689 915 2776 adimplementi
939 2710 1079 2752 onerum
1104 2687 1279 2772 exegerint
1302 2687 1337 2750 in

209 2807 279 2864 tota
299 2801 484 2888 provincia,
503 2811 586 2883 etc.;
609 2802 706 2867 aliter
724 2825 793 2866 non
814 2798 960 2866 habeant
979 2823 1097 2865 vocem
1113 2800 1259 2864 activam
1274 2821 1336 2864 neo

210 2915 380 3002 passivam
399 2915 434 2980 in
454 2917 612 3004 capitulis
631 2915 847 3003 generalibus
862 2917 884 2981 ³.

254 3029 285 3094 ἵ.
299 3027 450 3094 Tandem
465 3029 603 3096 cuilibet
614 3030 764 3096 aufertur
776 3029 920 3094 facultas
931 3030 1003 3094 sive
1016 3029 1189 3118 praemissa
1200 3028 1336 3094 decreta

208 3142 464 3231 interpretandi,
486 3145 556 3208 sive
577 3144 749 3210 relaxandi
768 3167 886 3232 poenas
906 3146 940 3208 in
960 3145 1009 3209 eis
1029 3151 1185 3226 statutas,
1209 3141 1280 3208 sive
1300 3143 1334 3207 in

207 3257 256 3321 cis
277 3257 525 3345 dispensandi⁴.

385 3534 404 3606 ξ
424 3535 459 3593 3.
481 3535 533 3593 Dc
558 3535 770 3593 cessatlone
789 3535 920 3592 onerls
940 3535 1157 3592 missarum.

255 3744 322 3813 69.
345 3785 388 3794 —
408 3746 586 3815 Cessatio
600 3763 672 3833 per
694 3745 852 3832 lapsum
867 3745 1071 3832 temporis.

256 3862 285 3922 l⁰
305 3858 447 3937 Quoties
466 3881 552 3925 onus
572 3859 763 3939 missarum,
784 3860 817 3924 vi
837 3858 1029 3924 donationis
1044 3859 1132 3924 inter
1146 3858 1254 3940 vivos,
1277 3857 1332 3922 vel

239 4061 246 4094 ¹
265 4061 390 4120 Decreta,
407 4068 419 4122 ξ
434 4067 472 4111 tt.

238 4142 249 4177 ²
266 4141 346 4200 Ibirl,
362 4148 373 4200 g
391 4147 429 4191 25.

240 4222 249 4255 ²
266 4220 346 4275 laid„
363 4226 426 4278 §⁴26.

239 4301 249 4333 ⁴
267 4300 345 4358 mia,
361 4306 373 4360 5
389 4307 427 4350 28.
