3174 5046
306 463 338 516 'el
786 463 831 512 DE
849 461 947 512 mssa

303 615 435 697 partem
455 607 662 696 superiorem
687 605 786 672 aeris
813 605 936 670 Totum
952 603 1037 669 illud
1057 611 1193 692 tempus
1213 603 1305 692 quod
1323 605 1439 670 inter-

303 723 393 787 cedit
405 722 493 786 inter
507 721 641 785 initium
656 743 783 785 aurora¹
798 727 832 784 et
848 727 960 784 ortum
976 718 1069 800 solis,
1082 725 1224 783 vocatur
1238 718 1439 782 diluculum

306 836 424 921 (aule,
447 835 639 920 crc'pusculc
658 836 703 898 du
726 831 863 918 malin),
886 833 974 898 siout
997 839 1134 920 tempus
1159 831 1251 919 quod
1275 833 1439 920 sequitur

302 972 462 1014 occasum
487 949 569 1014 solis
592 955 733 1014 vocatur
761 947 997 1034 crepusculum
1020 946 1233 1034 (crepuscule
1257 948 1304 1010 du
1327 945 1435 1034 seir).

304 1103 347 1111 —
384 1063 525 1128 Duratio
552 1070 667 1128 autem
694 1063 837 1127 diluculi
863 1061 956 1126 varia
988 1067 1040 1125 est
1066 1083 1127 1149 pro
1158 1060 1304 1147 singulis
1328 1061 1435 1142 locIS,

300 1173 433 1242 ‘attenta
463 1200 578 1242 eorum
609 1177 803 1259 latitudine,
841 1183 891 1258 et,
925 1176 960 1239 in
985 1174 1129 1261 singulis
1154 1174 1254 1256 Iocis,
1279 1175 1440 1240 variatur

304 1291 407 1356 etiam
432 1291 531 1379 juxta
557 1291 650 1356 varia
674 1291 754 1356 anni
776 1293 959 1378 tempora¹.
989 1288 1028 1353 In
1054 1289 1138 1354 Iocis
1162 1288 1221 1376 qui
1241 1296 1323 1353 sunt
1341 1290 1438 1354 ultra

305 1405 626 1492 quinquagesimum
653 1405 841 1468 latitudinis
865 1402 1025 1491 gradum,
1048 1403 1162 1490 plures
1186 1410 1268 1467 sunt
1287 1403 1323 1466 in
1342 1425 1438 1467 anno

306 1517 389 1596 dies,
412 1540 449 1582 ac
470 1519 571 1581 etiam
592 1517 821 1583 hebdomades
837 1525 871 1582 et
889 1539 1035 1598 menses,
1054 1515 1190 1604 quibus,
1208 1516 1242 1579 in
1257 1525 1438 1581 momento

306 1629 425 1693 mediae
449 1631 576 1710 noctiS,
606 1631 725 1719 incipit
752 1631 956 1711 diluculum,
983 1637 1041 1694 aut
1061 1629 1135 1716 jam
1158 1629 1347 1716 incoeptum
1368 1637 1434 1694 est.

303 1781 349 1790 -—
362 1743 497 1808 Tabula
510 1767 578 1808 non
594 1743 717 1820 desunt
732 1745 778 1832 (v.
794 1769 842 1832 g.,
858 1744 892 1808 in
911 1742 1028 1809 libello
1043 1743 1222 1808 Annuaire
1234 1744 1281 1807 du
1294 1744 1437 1807 Bureau

306 1859 363 1922 des
390 1858 614 1947 lonqitudes),
644 1882 734 1946 quae,
762 1881 822 1946 pro
848 1857 992 1944 singulis
1015 1857 1167 1922 Iocorum
1193 1857 1439 1921 latitudinibus

306 1979 341 2037 et
356 1973 530 2039 mensibus
546 1973 642 2054 anni,
665 1973 816 2038 indicent
831 1972 1045 2037 durationem
1061 1971 1219 2052 diluculi;
1238 1971 1300 2036 hac
1318 1977 1437 2035 autem

305 2087 459 2172 cognita,
499 2089 601 2151 simul
631 2095 664 2152 et
695 2087 831 2174 cognito
861 2095 1034 2151 momento
1069 2093 1163 2150 ortus
1197 2085 1280 2149 solis
1324 2085 1438 2172 (quod

306 2205 427 2263 notant
450 2199 611 2287 pleraque
636 2201 771 2287 diaria),
803 2200 1004 2265 facillimum
1028 2208 1080 2265 est
1105 2199 1270 2264 deducere
1297 2200 1436 2262 initium

307 2313 461 2395 diluculi,
484 2337 543 2406 seu
558 2337 701 2380 aurorae.
724 2354 766 2363 —
788 2314 956 2380 Ceterum
976 2313 1112 2378 initium
1132 2337 1261 2378 aurorae
1281 2312 1436 2377 indicant

307 2426 415 2490 multa
434 2425 625 2492 dioecesana
645 2430 824 2494 directoria
845 2427 947 2492 oflicii
967 2427 1086 2493 divini.

351 2540 385 2604 h.
409 2538 536 2605 Sensus
555 2542 659 2628 igitur
682 2541 923 2631 propositionis
949 2563 1049 2629 supra
1075 2541 1253 2628 descripte
1272 2541 1328 2606 hio
1347 2548 1431 2608 cst:

308 2651 412 2718 Missa
437 2653 600 2720 celebrari
619 2662 732 2743 potest
752 2655 794 2720 ab
815 2655 909 2719 initio
930 2654 1073 2719 diluculi
1093 2677 1153 2719 seu
1174 2679 1303 2720 aurorae
1322 2677 1433 2743 usque

307 2767 352 2831 ad·
389 2768 576 2835 meridiem.
622 2772 803 2848 Attamen,
849 2769 929 2833 licet
971 2770 1120 2855 graviter
1154 2771 1319 2835 restiterit
1353 2768 1433 2834 Cle-

308 2905 404 2947 mens
435 2883 513 2966 xv,
548 2884 753 2950 Benedictus
786 2883 884 2962 XIII,
920 2883 1025 2946 edicto
1065 2882 1257 2948 Cardinalis
1289 2883 1431 2962 Viearii,

306 2996 349 3059 20
370 2980 447 3063 deo.¹
462 2997 559 3079 1724,
582 3021 615 3062 n.
640 2999 675 3080 a,
698 2997 869 3087 permisit,
892 3004 930 3061 ut
950 2997 1067 3062 Romen
1092 2998 1204 3062 missae
1229 2998 1434 3063 sacrificium

307 3109 409 3193 incipi
424 3121 534 3194 posset
555 3113 652 3193 tertia
668 3121 767 3196 [rorte
788 3113 878 3176 liora
897 3119 973 3175 ante
993 3111 1128 3175 initium
1148 3135 1292 3194 aurore,
1315 3119 1349 3176 et
1369 3119 1435 3175 ler-

309 3223 433 3284 minari
453 3223 531 3285 item
553 3225 650 3288 tertia
665 3233 765 3310 parte
786 3227 875 3290 leorae
891 3235 969 3311 post
990 3226 1195 3290 meridiem3.
1219 3227 1299 3290 Hac
1319 3233 1432 3290 autem

308 3334 540 3421 interpretatio
572 3344 711 3403 extensa
745 3345 796 3404 est
829 3340 871 3404 ad
906 3363 1024 3424 omnes
1057 3339 1221 3404 dioeceses
1250 3339 1433 3426 provinciae

308 3448 486 3529 Ilomanae;
514 3451 691 3538 pralatum
716 3454 806 3518 enim
832 3454 978 3518 edictum
1003 3453 1226 3541 approbatum
1251 3461 1285 3518 et
1310 3451 1433 3517 confir-

307 3568 437 3627 matum
459 3571 510 3629 est
530 3557 563 3629 in
584 3567 727 3631 concilio
747 3569 918 3648 Romano,
940 3591 995 3632 an.
1021 3567 1105 3633 1725
1127 3567 1199 3652 (tit.
1226 3589 1300 3646 ιιι,
1323 3589 1352 3631 o.
1381 3587 1430 3647 ιιι,

307 3699 340 3763 p.
357 3677 425 3763 63),
444 3679 507 3744 sub
518 3679 637 3745 eodem
651 3681 834 3746 Benedioto
853 3680 946 3764 XIII,
961 3689 995 3746 et
1009 3681 1174 3747 insertum
1189 3682 1278 3746 inter
1293 3681 1432 3766 Appen-

340 3874 347 3906 ¹
368 3873 467 3937 Incipit
480 3891 576 3926 aurora
596 3893 643 3926 scu
662 3877 823 3936 diluculum,
844 3878 951 3940 uiuendo
969 3879 1009 3927 sol
1026 3879 1081 3940 jam
1105 3877 1207 3927 decimo
1229 3880 1321 3927 octauo
1342 3876 1430 3941 produ

307 3953 447 4015 proximus
466 3961 508 4006 ost
527 3958 671 4016 horizonti;
690 3959 760 4006 slent
772 3957 872 4006 desinit
885 3959 1075 4020 crepusculum
1088 3959 1251 4017 serotinum,
1267 3959 1375 4021 quando
1393 3957 1431 4004 sol

301 4033 359 4095 jam
374 4037 487 4087 recessit
501 4038 535 4086 ab
551 4038 688 4087 horizonte
701 4037 770 4086 ultra
785 4036 918 4086 decimum
934 4040 1056 4087 octauum
1070 4039 1196 4102 pradum.

337 4116 348 4149 ²
366 4114 403 4163 Ut
416 4121 506 4166 narrat
521 4118 683 4167 Benedictus
698 4117 771 4176 XIV,
786 4117 887 4176 lussit,
903 4117 981 4178 ΧΙΙΙ,
998 4133 1023 4166 n.
1040 4125 1063 4166 3.

339 4196 348 4229 ³
365 4195 464 4246 Videas
475 4199 527 4246 hoc
538 4197 669 4256 edictum,
683 4197 774 4247 italica
785 4197 875 4261 lingua
886 4199 1031 4261 scriptum,
1045 4199 1116 4247 inter
1125 4199 1289 4262 appendIccs
1304 4197 1337 4246 ad
1353 4211 1428 4246 conc.

307 4273 384 4323 Rom.
401 4291 443 4325 an.
461 4283 533 4337 1725,
548 4279 598 4327 sub
612 4293 723 4328 numero
739 4283 781 4336 18,
795 4277 940 4336 Bruxellis‚
959 4283 1031 4332 1726,
1047 4293 1073 4341 p.
1090 4283 1211 4328 als-sas.
