<?xml version="1.0" encoding="UTF-8"?>
<!DOCTYPE html PUBLIC "-//W3C//DTD XHTML 1.0 Transitional//EN"
    "http://www.w3.org/TR/xhtml1/DTD/xhtml1-transitional.dtd">
<html xmlns="http://www.w3.org/1999/xhtml" xml:lang="en" lang="en">
 <head>
  <title>
</title>
<meta http-equiv="Content-Type" content="text/html;charset=utf-8" />
  <meta name='ocr-system' content='tesseract 3.04.00' />
  <meta name='ocr-capabilities' content='ocr_page ocr_carea ocr_par ocr_line ocrx_word'/>
</head>
<body>
  <div class='ocr_page' id='page_1' title='image "./praelectionesde01manygoog_0403.png"; bbox 0 0 3246 5026; ppageno 0'>
   <div class='ocr_carea' id='block_1_1' title="bbox 552 1489 1198 1572">
    <p class='ocr_par' dir='ltr' id='par_1_1' title="bbox 552 1489 1198 1572">
     <span class='ocr_line' id='line_1_1' title="bbox 552 1489 1198 1572; baseline -0.003 -20"><span class='ocrx_word' id='word_1_1' title='bbox 552 1491 721 1552; x_wconf 84' lang='lat' dir='ltr'><strong><em>Instructio</em></strong></span> <span class='ocrx_word' id='word_1_2' title='bbox 735 1491 768 1551; x_wconf 81' lang='lat' dir='ltr'><strong><em>S.</em></strong></span> <span class='ocrx_word' id='word_1_3' title='bbox 787 1491 915 1550; x_wconf 72' lang='lat' dir='ltr'><strong><em>[lituum</em></strong></span> <span class='ocrx_word' id='word_1_4' title='bbox 933 1489 1198 1572; x_wconf 74' lang='lat' dir='ltr'><strong><em>Conpreqatioais</em></strong></span> 
     </span>
    </p>
   </div>
   <div class='ocr_carea' id='block_1_2' title="bbox 456 1585 1302 1744">
    <p class='ocr_par' dir='ltr' id='par_1_2' title="bbox 456 1585 1302 1744">
     <span class='ocr_line' id='line_1_2' title="bbox 456 1585 1302 1668; baseline 0 -22"><span class='ocrx_word' id='word_1_5' title='bbox 456 1609 516 1668; x_wconf 89' lang='lat' dir='ltr'><strong><em>pro</em></strong></span> <span class='ocrx_word' id='word_1_6' title='bbox 531 1587 691 1648; x_wconf 73' lang='lat' dir='ltr'><strong><em>sacerdote</em></strong></span> <span class='ocrx_word' id='word_1_7' title='bbox 706 1586 756 1646; x_wconf 85' lang='lat' dir='ltr'><strong><em>ln&#39;s</em></strong></span> <span class='ocrx_word' id='word_1_8' title='bbox 773 1587 899 1646; x_wconf 73' lang='lat' dir='ltr'><strong><em>animam</em></strong></span> <span class='ocrx_word' id='word_1_9' title='bbox 921 1585 1028 1647; x_wconf 89' lang='lat' dir='ltr'><strong><em>eadem</em></strong></span> <span class='ocrx_word' id='word_1_10' title='bbox 1046 1585 1098 1646; x_wconf 90' lang='lat' dir='ltr'><strong><em>die</em></strong></span> <span class='ocrx_word' id='word_1_11' title='bbox 1112 1585 1302 1646; x_wconf 73' lang='lat' dir='ltr'><strong><em>celebrante.</em></strong></span> 
     </span>
     <span class='ocr_line' id='line_1_3' title="bbox 748 1683 1018 1744; baseline 0.011 -3"><span class='ocrx_word' id='word_1_12' title='bbox 748 1687 777 1741; x_wconf 90' lang='lat' dir='ltr'><strong><em>ll</em></strong></span> <span class='ocrx_word' id='word_1_13' title='bbox 794 1684 895 1742; x_wconf 89' lang='lat' dir='ltr'><strong><em>martii</em></strong></span> <span class='ocrx_word' id='word_1_14' title='bbox 911 1683 985 1742; x_wconf 77' lang='lat'>1858</span> <span class='ocrx_word' id='word_1_15' title='bbox 998 1684 1018 1744; x_wconf 87' lang='lat'><strong><em>¹.</em></strong></span> 
     </span>
    </p>
   </div>
   <div class='ocr_carea' id='block_1_3' title="bbox 699 1959 1069 2021">
    <p class='ocr_par' dir='ltr' id='par_1_3' title="bbox 699 1959 1069 2021">
     <span class='ocr_line' id='line_1_4' title="bbox 699 1959 1069 2021; baseline 0.003 -1"><span class='ocrx_word' id='word_1_16' title='bbox 699 1960 847 2020; x_wconf 84' lang='lat' dir='ltr'><strong><em>Plurium</em></strong></span> <span class='ocrx_word' id='word_1_17' title='bbox 870 1959 1069 2021; x_wconf 81' lang='lat' dir='ltr'><strong><em>llioecesium.</em></strong></span> 
     </span>
    </p>
   </div>
   <div class='ocr_carea' id='block_1_4' title="bbox 313 2106 1447 4185">
    <p class='ocr_par' dir='ltr' id='par_1_4' title="bbox 318 2106 1447 3439">
     <span class='ocr_line' id='line_1_5' title="bbox 362 2106 1446 2188; baseline -0.003 -19"><span class='ocrx_word' id='word_1_18' title='bbox 362 2111 470 2170; x_wconf 88' lang='lat' dir='ltr'><strong><em>Plures</em></strong></span> <span class='ocrx_word' id='word_1_19' title='bbox 485 2129 585 2188; x_wconf 88' lang='lat' dir='ltr'><strong><em>nuper</em></strong></span> <span class='ocrx_word' id='word_1_20' title='bbox 599 2107 792 2166; x_wconf 89' lang='lat' dir='ltr'><strong><em>diversarum</em></strong></span> <span class='ocrx_word' id='word_1_21' title='bbox 808 2106 988 2166; x_wconf 87' lang='lat' dir='ltr'><strong><em>dioecesium</em></strong></span> <span class='ocrx_word' id='word_1_22' title='bbox 1006 2106 1079 2166; x_wconf 74' lang='lat' dir='ltr'><strong><em>ami</em></strong></span> <span class='ocrx_word' id='word_1_23' title='bbox 1097 2107 1277 2184; x_wconf 71' lang='lat' dir='ltr'><strong><em>Antistius,</em></strong></span> <span class='ocrx_word' id='word_1_24' title='bbox 1296 2106 1446 2166; x_wconf 89' lang='lat' dir='ltr'><strong><em>nimirum</em></strong></span> 
     </span>
     <span class='ocr_line' id='line_1_6' title="bbox 318 2201 1445 2286; baseline -0.003 -21"><span class='ocrx_word' id='word_1_25' title='bbox 318 2204 592 2286; x_wconf 90' lang='lat' dir='ltr'><strong><em>Compostcllanus</em></strong></span> <span class='ocrx_word' id='word_1_26' title='bbox 625 2211 656 2262; x_wconf 88' lang='lat' dir='ltr'><strong><em>et</em></strong></span> <span class='ocrx_word' id='word_1_27' title='bbox 685 2203 916 2262; x_wconf 88' lang='lat' dir='ltr'><strong><em>Salamantinus</em></strong></span> <span class='ocrx_word' id='word_1_28' title='bbox 949 2203 980 2261; x_wconf 92' lang='lat' dir='ltr'><strong><em>in</em></strong></span> <span class='ocrx_word' id='word_1_29' title='bbox 1011 2203 1177 2282; x_wconf 87' lang='lat' dir='ltr'><strong><em>Hispania,</em></strong></span> <span class='ocrx_word' id='word_1_30' title='bbox 1209 2201 1384 2262; x_wconf 80' lang='lat' dir='ltr'><strong><em>Aleniensis</em></strong></span> <span class='ocrx_word' id='word_1_31' title='bbox 1413 2204 1445 2262; x_wconf 90' lang='lat' dir='ltr'><strong><em>in</em></strong></span> 
     </span>
     <span class='ocr_line' id='line_1_7' title="bbox 321 2298 1447 2378; baseline -0.003 -17"><span class='ocrx_word' id='word_1_32' title='bbox 321 2302 467 2372; x_wconf 83' lang='lat' dir='ltr'><strong><em>Albania,</em></strong></span> <span class='ocrx_word' id='word_1_33' title='bbox 489 2307 520 2358; x_wconf 84' lang='lat' dir='ltr'><strong><em>et</em></strong></span> <span class='ocrx_word' id='word_1_34' title='bbox 540 2299 708 2358; x_wconf 88' lang='lat' dir='ltr'><strong><em>Meldensis</em></strong></span> <span class='ocrx_word' id='word_1_35' title='bbox 731 2300 762 2358; x_wconf 91' lang='lat' dir='ltr'><strong><em>in</em></strong></span> <span class='ocrx_word' id='word_1_36' title='bbox 784 2299 901 2370; x_wconf 89' lang='lat' dir='ltr'><strong><em>Gallia,</em></strong></span> <span class='ocrx_word' id='word_1_37' title='bbox 922 2298 1120 2358; x_wconf 87' lang='lat' dir='ltr'><strong><em>attendentes</em></strong></span> <span class='ocrx_word' id='word_1_38' title='bbox 1142 2299 1312 2378; x_wconf 81' lang='lat' dir='ltr'><strong><em>rigorosam</em></strong></span> <span class='ocrx_word' id='word_1_39' title='bbox 1333 2319 1447 2358; x_wconf 82' lang='lat' dir='ltr'><strong><em>execu-</em></strong></span> 
     </span>
     <span class='ocr_line' id='line_1_8' title="bbox 321 2394 1446 2475; baseline -0.003 -16"><span class='ocrx_word' id='word_1_40' title='bbox 321 2401 437 2460; x_wconf 80' lang='lat' dir='ltr'><strong><em>tionem</em></strong></span> <span class='ocrx_word' id='word_1_41' title='bbox 458 2396 573 2456; x_wconf 77' lang='lat' dir='ltr'><strong><em>decreti</em></strong></span> <span class='ocrx_word' id='word_1_42' title='bbox 594 2394 633 2454; x_wconf 89' lang='lat' dir='ltr'><strong><em>ab</em></strong></span> <span class='ocrx_word' id='word_1_43' title='bbox 653 2395 711 2454; x_wconf 91' lang='lat' dir='ltr'><strong><em>hac</em></strong></span> <span class='ocrx_word' id='word_1_44' title='bbox 726 2395 819 2455; x_wconf 88' lang='lat' dir='ltr'><strong><em>Sacra</em></strong></span> <span class='ocrx_word' id='word_1_45' title='bbox 835 2395 962 2455; x_wconf 85' lang='lat' dir='ltr'><strong><em>Rituum</em></strong></span> <span class='ocrx_word' id='word_1_46' title='bbox 979 2394 1229 2475; x_wconf 81' lang='lat' dir='ltr'><strong><em>Congregatione</em></strong></span> <span class='ocrx_word' id='word_1_47' title='bbox 1244 2395 1320 2455; x_wconf 83' lang='lat' dir='ltr'><strong><em>alias</em></strong></span> <span class='ocrx_word' id='word_1_48' title='bbox 1335 2395 1389 2455; x_wconf 89' lang='lat' dir='ltr'><strong><em>lati</em></strong></span> <span class='ocrx_word' id='word_1_49' title='bbox 1405 2395 1446 2456; x_wconf 85' lang='lat' dir='ltr'><strong><em>de</em></strong></span> 
     </span>
     <span class='ocr_line' id='line_1_9' title="bbox 322 2491 1446 2573; baseline -0.003 -19"><span class='ocrx_word' id='word_1_50' title='bbox 322 2517 384 2555; x_wconf 90' lang='lat' dir='ltr'><strong><em>uno</em></strong></span> <span class='ocrx_word' id='word_1_51' title='bbox 405 2502 524 2555; x_wconf 86' lang='lat' dir='ltr'><strong><em>tantum</em></strong></span> <span class='ocrx_word' id='word_1_52' title='bbox 550 2491 645 2552; x_wconf 87' lang='lat' dir='ltr'><strong><em>calice</em></strong></span> <span class='ocrx_word' id='word_1_53' title='bbox 670 2492 848 2552; x_wconf 89' lang='lat' dir='ltr'><strong><em>adhibendo</em></strong></span> <span class='ocrx_word' id='word_1_54' title='bbox 868 2513 884 2551; x_wconf 90' lang='lat' dir='ltr'><strong><em>a</em></strong></span> <span class='ocrx_word' id='word_1_55' title='bbox 906 2491 1128 2552; x_wconf 73' lang='lat' dir='ltr'><strong><em>Sacerdotibus</em></strong></span> <span class='ocrx_word' id='word_1_56' title='bbox 1147 2492 1252 2573; x_wconf 91' lang='lat' dir='ltr'><strong><em>plures</em></strong></span> <span class='ocrx_word' id='word_1_57' title='bbox 1271 2491 1384 2552; x_wconf 86' lang='lat' dir='ltr'><strong><em>Missas</em></strong></span> <span class='ocrx_word' id='word_1_58' title='bbox 1403 2493 1446 2551; x_wconf 94' lang='lat' dir='ltr'><strong><em>ob</em></strong></span> 
     </span>
     <span class='ocr_line' id='line_1_10' title="bbox 321 2587 1447 2670; baseline -0.002 -20"><span class='ocrx_word' id='word_1_59' title='bbox 321 2592 536 2650; x_wconf 87' lang='lat' dir='ltr'><strong><em>necessitatem</em></strong></span> <span class='ocrx_word' id='word_1_60' title='bbox 566 2589 674 2670; x_wconf 92' lang='lat' dir='ltr'><strong><em>populi</em></strong></span> <span class='ocrx_word' id='word_1_61' title='bbox 703 2588 802 2648; x_wconf 86' lang='lat' dir='ltr'><strong><em>tidelis</em></strong></span> <span class='ocrx_word' id='word_1_62' title='bbox 831 2589 938 2648; x_wconf 86' lang='lat' dir='ltr'><strong><em>eadem</em></strong></span> <span class='ocrx_word' id='word_1_63' title='bbox 969 2589 1018 2649; x_wconf 89' lang='lat' dir='ltr'><strong><em>die</em></strong></span> <span class='ocrx_word' id='word_1_64' title='bbox 1047 2589 1266 2662; x_wconf 78' lang='lat' dir='ltr'><strong><em>celebraturis,</em></strong></span> <span class='ocrx_word' id='word_1_65' title='bbox 1296 2587 1447 2670; x_wconf 83' lang='lat' dir='ltr'><strong><em>gravibus</em></strong></span> 
     </span>
     <span class='ocr_line' id='line_1_11' title="bbox 319 2684 1444 2766; baseline -0.002 -20"><span class='ocrx_word' id='word_1_66' title='bbox 319 2687 488 2748; x_wconf 91' lang='lat' dir='ltr'><strong><em>admodum</em></strong></span> <span class='ocrx_word' id='word_1_67' title='bbox 504 2685 741 2744; x_wconf 82' lang='lat' dir='ltr'><strong><em>difficultatibus</em></strong></span> <span class='ocrx_word' id='word_1_68' title='bbox 757 2685 880 2765; x_wconf 88' lang='lat' dir='ltr'><strong><em>subjici,</em></strong></span> <span class='ocrx_word' id='word_1_69' title='bbox 895 2705 992 2766; x_wconf 90' lang='lat' dir='ltr'><strong><em>quum</em></strong></span> <span class='ocrx_word' id='word_1_70' title='bbox 1009 2685 1159 2745; x_wconf 85' lang='lat' dir='ltr'><strong><em>Sacerdos</em></strong></span> <span class='ocrx_word' id='word_1_71' title='bbox 1174 2684 1301 2745; x_wconf 84' lang='lat' dir='ltr'><strong><em>alteram</em></strong></span> <span class='ocrx_word' id='word_1_72' title='bbox 1315 2685 1444 2744; x_wconf 86' lang='lat' dir='ltr'><strong><em>Missam</em></strong></span> 
     </span>
     <span class='ocr_line' id='line_1_12' title="bbox 321 2781 1447 2863; baseline -0.001 -21"><span class='ocrx_word' id='word_1_73' title='bbox 321 2805 382 2843; x_wconf 77' lang='lat' dir='ltr'><strong><em>iton</em></strong></span> <span class='ocrx_word' id='word_1_74' title='bbox 400 2785 428 2842; x_wconf 91' lang='lat' dir='ltr'><strong><em>in</em></strong></span> <span class='ocrx_word' id='word_1_75' title='bbox 446 2783 511 2863; x_wconf 89' lang='lat' dir='ltr'><strong><em>ipsa</em></strong></span> <span class='ocrx_word' id='word_1_76' title='bbox 528 2781 667 2854; x_wconf 85' lang='lat' dir='ltr'><strong><em>ecclesia,</em></strong></span> <span class='ocrx_word' id='word_1_77' title='bbox 683 2781 735 2840; x_wconf 93' lang='lat' dir='ltr'><strong><em>ubi</em></strong></span> <span class='ocrx_word' id='word_1_78' title='bbox 751 2782 882 2861; x_wconf 89' lang='lat' dir='ltr'><strong><em>primam</em></strong></span> <span class='ocrx_word' id='word_1_79' title='bbox 898 2781 1079 2854; x_wconf 85' lang='lat' dir='ltr'><strong><em>celebravit,</em></strong></span> <span class='ocrx_word' id='word_1_80' title='bbox 1095 2781 1148 2840; x_wconf 89' lang='lat' dir='ltr'><strong><em>sed</em></strong></span> <span class='ocrx_word' id='word_1_81' title='bbox 1164 2782 1194 2839; x_wconf 92' lang='lat' dir='ltr'><strong><em>in</em></strong></span> <span class='ocrx_word' id='word_1_82' title='bbox 1208 2781 1265 2840; x_wconf 89' lang='lat' dir='ltr'><strong><em>alia</em></strong></span> <span class='ocrx_word' id='word_1_83' title='bbox 1279 2781 1369 2860; x_wconf 85' lang='lat' dir='ltr'><strong><em>longe</em></strong></span> <span class='ocrx_word' id='word_1_84' title='bbox 1383 2781 1447 2842; x_wconf 90' lang='lat' dir='ltr'><strong><em>dis-</em></strong></span> 
     </span>
     <span class='ocr_line' id='line_1_13' title="bbox 319 2877 1446 2958; baseline -0.002 -20"><span class='ocrx_word' id='word_1_85' title='bbox 319 2881 376 2939; x_wconf 85' lang='lat' dir='ltr'><strong><em>sita</em></strong></span> <span class='ocrx_word' id='word_1_86' title='bbox 404 2880 525 2958; x_wconf 80' lang='lat' dir='ltr'><strong><em>cogitur</em></strong></span> <span class='ocrx_word' id='word_1_87' title='bbox 549 2879 676 2943; x_wconf 73' lang='lat' dir='ltr'><strong><em>offerre:</em></strong></span> <span class='ocrx_word' id='word_1_88' title='bbox 699 2877 824 2956; x_wconf 88' lang='lat' dir='ltr'><strong><em>insuper</em></strong></span> <span class='ocrx_word' id='word_1_89' title='bbox 848 2897 923 2936; x_wconf 88' lang='lat' dir='ltr'><strong><em>vero</em></strong></span> <span class='ocrx_word' id='word_1_90' title='bbox 947 2877 1146 2936; x_wconf 82' lang='lat' dir='ltr'><strong><em>advertentes</em></strong></span> <span class='ocrx_word' id='word_1_91' title='bbox 1174 2881 1292 2936; x_wconf 90' lang='lat' dir='ltr'><strong><em>morem</em></strong></span> <span class='ocrx_word' id='word_1_92' title='bbox 1313 2877 1392 2936; x_wconf 90' lang='lat' dir='ltr'><strong><em>duos</em></strong></span> <span class='ocrx_word' id='word_1_93' title='bbox 1412 2877 1446 2936; x_wconf 93' lang='lat' dir='ltr'><strong><em>in</em></strong></span> 
     </span>
     <span class='ocr_line' id='line_1_14' title="bbox 318 2972 1446 3057; baseline -0.001 -23"><span class='ocrx_word' id='word_1_94' title='bbox 318 2975 473 3057; x_wconf 88' lang='lat' dir='ltr'><strong><em>ejusmodi</em></strong></span> <span class='ocrx_word' id='word_1_95' title='bbox 495 2995 567 3034; x_wconf 89' lang='lat' dir='ltr'><strong><em>casu</em></strong></span> <span class='ocrx_word' id='word_1_96' title='bbox 588 2972 755 3033; x_wconf 88' lang='lat' dir='ltr'><strong><em>adhibendi</em></strong></span> <span class='ocrx_word' id='word_1_97' title='bbox 772 2974 899 3044; x_wconf 84' lang='lat' dir='ltr'><strong><em>calices,</em></strong></span> <span class='ocrx_word' id='word_1_98' title='bbox 917 2993 980 3033; x_wconf 90' lang='lat' dir='ltr'><strong><em>non</em></strong></span> <span class='ocrx_word' id='word_1_99' title='bbox 998 2972 1093 3033; x_wconf 93' lang='lat' dir='ltr'><strong><em>modo</em></strong></span> <span class='ocrx_word' id='word_1_100' title='bbox 1109 2973 1314 3033; x_wconf 88' lang='lat' dir='ltr'><strong><em>universalem</em></strong></span> <span class='ocrx_word' id='word_1_101' title='bbox 1330 2994 1397 3032; x_wconf 90' lang='lat' dir='ltr'><strong><em>esse</em></strong></span> <span class='ocrx_word' id='word_1_102' title='bbox 1412 2973 1446 3033; x_wconf 89' lang='lat' dir='ltr'><strong><em>in</em></strong></span> 
     </span>
     <span class='ocr_line' id='line_1_15' title="bbox 322 3068 1446 3153; baseline -0.003 -22"><span class='ocrx_word' id='word_1_103' title='bbox 322 3072 469 3153; x_wconf 81' lang='lat' dir='ltr'><strong><em>Hispania</em></strong></span> <span class='ocrx_word' id='word_1_104' title='bbox 486 3079 517 3130; x_wconf 89' lang='lat' dir='ltr'><strong><em>et</em></strong></span> <span class='ocrx_word' id='word_1_105' title='bbox 532 3069 647 3143; x_wconf 89' lang='lat' dir='ltr'><strong><em>Gallia,</em></strong></span> <span class='ocrx_word' id='word_1_106' title='bbox 665 3068 717 3128; x_wconf 88' lang='lat' dir='ltr'><strong><em>sed</em></strong></span> <span class='ocrx_word' id='word_1_107' title='bbox 734 3069 827 3128; x_wconf 89' lang='lat' dir='ltr'><strong><em>etiam</em></strong></span> <span class='ocrx_word' id='word_1_108' title='bbox 843 3068 920 3128; x_wconf 90' lang='lat' dir='ltr'><strong><em>adeo</em></strong></span> <span class='ocrx_word' id='word_1_109' title='bbox 935 3076 1072 3129; x_wconf 87' lang='lat' dir='ltr'><strong><em>veterem</em></strong></span> <span class='ocrx_word' id='word_1_110' title='bbox 1090 3076 1125 3129; x_wconf 91' lang='lat' dir='ltr'><strong><em>ut</em></strong></span> <span class='ocrx_word' id='word_1_111' title='bbox 1139 3089 1263 3129; x_wconf 91' lang='lat' dir='ltr'><strong><em>omnem</em></strong></span> <span class='ocrx_word' id='word_1_112' title='bbox 1282 3069 1446 3129; x_wconf 89' lang='lat' dir='ltr'><strong><em>hominum</em></strong></span> 
     </span>
     <span class='ocr_line' id='line_1_16' title="bbox 320 3164 1446 3248; baseline -0.003 -21"><span class='ocrx_word' id='word_1_113' title='bbox 320 3168 500 3228; x_wconf 81' lang='lat' dir='ltr'><strong><em>riieinoriam</em></strong></span> <span class='ocrx_word' id='word_1_114' title='bbox 517 3164 606 3225; x_wconf 84' lang='lat' dir='ltr'><strong><em>facile</em></strong></span> <span class='ocrx_word' id='word_1_115' title='bbox 622 3165 769 3238; x_wconf 70' lang='lat' dir='ltr'><strong><em>excedat,</em></strong></span> <span class='ocrx_word' id='word_1_116' title='bbox 786 3165 824 3224; x_wconf 93' lang='lat' dir='ltr'><strong><em>ad</em></strong></span> <span class='ocrx_word' id='word_1_117' title='bbox 844 3165 924 3225; x_wconf 90' lang='lat' dir='ltr'><strong><em>hanc</em></strong></span> <span class='ocrx_word' id='word_1_118' title='bbox 940 3167 1084 3226; x_wconf 85' lang='lat' dir='ltr'><strong><em>Sanctam</em></strong></span> <span class='ocrx_word' id='word_1_119' title='bbox 1101 3165 1314 3248; x_wconf 82' lang='lat' dir='ltr'><strong><em>Apostolicam</em></strong></span> <span class='ocrx_word' id='word_1_120' title='bbox 1330 3165 1446 3225; x_wconf 84' lang='lat' dir='ltr'><strong><em>Scdem</em></strong></span> 
     </span>
     <span class='ocr_line' id='line_1_17' title="bbox 319 3261 1444 3344; baseline 0 -23"><span class='ocrx_word' id='word_1_121' title='bbox 319 3285 376 3344; x_wconf 92' lang='lat' dir='ltr'><strong><em>pro</em></strong></span> <span class='ocrx_word' id='word_1_122' title='bbox 398 3262 626 3322; x_wconf 87' lang='lat' dir='ltr'><strong><em>modificatione</em></strong></span> <span class='ocrx_word' id='word_1_123' title='bbox 650 3261 771 3341; x_wconf 63' lang='lat' dir='ltr'><strong><em>praelati</em></strong></span> <span class='ocrx_word' id='word_1_124' title='bbox 796 3262 911 3321; x_wconf 90' lang='lat' dir='ltr'><strong><em>decreti</em></strong></span> <span class='ocrx_word' id='word_1_125' title='bbox 937 3269 1083 3342; x_wconf 87' lang='lat' dir='ltr'><strong><em>certaque</em></strong></span> <span class='ocrx_word' id='word_1_126' title='bbox 1104 3262 1298 3343; x_wconf 90' lang='lat' dir='ltr'><strong><em>impetranda</em></strong></span> <span class='ocrx_word' id='word_1_127' title='bbox 1319 3262 1444 3341; x_wconf 86' lang='lat' dir='ltr'><strong><em>regula,</em></strong></span> 
     </span>
     <span class='ocr_line' id='line_1_18' title="bbox 319 3355 990 3439; baseline 0.001 -22"><span class='ocrx_word' id='word_1_128' title='bbox 319 3379 412 3439; x_wconf 87' lang='lat' dir='ltr'><strong><em>quam</em></strong></span> <span class='ocrx_word' id='word_1_129' title='bbox 430 3363 497 3416; x_wconf 89' lang='lat' dir='ltr'><strong><em>tuto</em></strong></span> <span class='ocrx_word' id='word_1_130' title='bbox 513 3355 600 3437; x_wconf 91' lang='lat' dir='ltr'><strong><em>sequi</em></strong></span> <span class='ocrx_word' id='word_1_131' title='bbox 617 3357 753 3436; x_wconf 78' lang='lat' dir='ltr'><strong><em>possint,</em></strong></span> <span class='ocrx_word' id='word_1_132' title='bbox 770 3357 990 3436; x_wconf 79' lang='lat' dir='ltr'><strong><em>confugerunt.</em></strong></span> 
     </span>
    </p>

    <p class='ocr_par' dir='ltr' id='par_1_5' title="bbox 319 3451 1445 3622">
     <span class='ocr_line' id='line_1_19' title="bbox 362 3451 1445 3536; baseline 0.001 -23"><span class='ocrx_word' id='word_1_133' title='bbox 362 3453 403 3513; x_wconf 92' lang='lat' dir='ltr'><strong><em>Ut</em></strong></span> <span class='ocrx_word' id='word_1_134' title='bbox 418 3452 590 3514; x_wconf 85' lang='lat' dir='ltr'><strong><em>oblatarum</em></strong></span> <span class='ocrx_word' id='word_1_135' title='bbox 608 3451 760 3511; x_wconf 84' lang='lat' dir='ltr'><strong><em>haedere</em></strong></span> <span class='ocrx_word' id='word_1_136' title='bbox 775 3473 791 3511; x_wconf 90' lang='lat' dir='ltr'><strong><em>a</em></strong></span> <span class='ocrx_word' id='word_1_137' title='bbox 809 3453 964 3532; x_wconf 74' lang='lat' dir='ltr'><strong><em>praedictis</em></strong></span> <span class='ocrx_word' id='word_1_138' title='bbox 979 3453 1182 3514; x_wconf 81' lang='lat' dir='ltr'><strong><em>Aritistitibus</em></strong></span> <span class='ocrx_word' id='word_1_139' title='bbox 1197 3475 1323 3536; x_wconf 84' lang='lat' dir='ltr'><strong><em>precum</em></strong></span> <span class='ocrx_word' id='word_1_140' title='bbox 1337 3453 1445 3516; x_wconf 89' lang='lat' dir='ltr'><strong><em>debita</em></strong></span> 
     </span>
     <span class='ocr_line' id='line_1_20' title="bbox 319 3548 1320 3622; baseline 0 -12"><span class='ocrx_word' id='word_1_141' title='bbox 319 3552 398 3611; x_wconf 85' lang='lat' dir='ltr'><strong><em>ratio</em></strong></span> <span class='ocrx_word' id='word_1_142' title='bbox 414 3548 591 3622; x_wconf 80' lang='lat' dir='ltr'><strong><em>haberetur,</em></strong></span> <span class='ocrx_word' id='word_1_143' title='bbox 606 3548 668 3608; x_wconf 91' lang='lat' dir='ltr'><strong><em>duo</em></strong></span> <span class='ocrx_word' id='word_1_144' title='bbox 684 3549 750 3608; x_wconf 77' lang='lat' dir='ltr'><strong><em>haec</em></strong></span> <span class='ocrx_word' id='word_1_145' title='bbox 765 3549 950 3610; x_wconf 87' lang='lat' dir='ltr'><strong><em>concinnata</em></strong></span> <span class='ocrx_word' id='word_1_146' title='bbox 966 3557 1038 3608; x_wconf 89' lang='lat' dir='ltr'><strong><em>sunt</em></strong></span> <span class='ocrx_word' id='word_1_147' title='bbox 1054 3549 1165 3622; x_wconf 90' lang='lat' dir='ltr'><strong><em>dubia,</em></strong></span> <span class='ocrx_word' id='word_1_148' title='bbox 1182 3551 1320 3610; x_wconf 87' lang='lat' dir='ltr'><strong><em>scilicet:</em></strong></span> 
     </span>
    </p>

    <p class='ocr_par' dir='ltr' id='par_1_6' title="bbox 313 3645 1447 4185">
     <span class='ocr_line' id='line_1_21' title="bbox 363 3645 1446 3726; baseline 0.002 -21"><span class='ocrx_word' id='word_1_149' title='bbox 363 3653 389 3707; x_wconf 92' lang='lat' dir='ltr'><strong><em>l.</em></strong></span> <span class='ocrx_word' id='word_1_150' title='bbox 414 3647 461 3704; x_wconf 82' lang='lat' dir='ltr'><strong><em>An</em></strong></span> <span class='ocrx_word' id='word_1_151' title='bbox 487 3645 669 3705; x_wconf 90' lang='lat' dir='ltr'><strong><em>retinendus</em></strong></span> <span class='ocrx_word' id='word_1_152' title='bbox 693 3645 733 3704; x_wconf 89' lang='lat' dir='ltr'><strong><em>sit</em></strong></span> <span class='ocrx_word' id='word_1_153' title='bbox 756 3667 830 3704; x_wconf 92' lang='lat' dir='ltr'><strong><em>usus</em></strong></span> <span class='ocrx_word' id='word_1_154' title='bbox 854 3645 907 3725; x_wconf 92' lang='lat' dir='ltr'><strong><em>qui</em></strong></span> <span class='ocrx_word' id='word_1_155' title='bbox 932 3645 1047 3705; x_wconf 89' lang='lat' dir='ltr'><strong><em>dicitur</em></strong></span> <span class='ocrx_word' id='word_1_156' title='bbox 1072 3647 1176 3726; x_wconf 85' lang='lat' dir='ltr'><strong><em>vigere</em></strong></span> <span class='ocrx_word' id='word_1_157' title='bbox 1200 3648 1230 3706; x_wconf 90' lang='lat' dir='ltr'><strong><em>in</em></strong></span> <span class='ocrx_word' id='word_1_158' title='bbox 1256 3645 1446 3707; x_wconf 71' lang='lat' dir='ltr'><strong><em>dioecesibus</em></strong></span> 
     </span>
     <span class='ocr_line' id='line_1_22' title="bbox 320 3741 1447 3822; baseline 0.002 -20"><span class='ocrx_word' id='word_1_159' title='bbox 320 3743 572 3822; x_wconf 87' lang='lat' dir='ltr'><strong><em>Compestellana</em></strong></span> <span class='ocrx_word' id='word_1_160' title='bbox 589 3749 620 3800; x_wconf 88' lang='lat' dir='ltr'><strong><em>et</em></strong></span> <span class='ocrx_word' id='word_1_161' title='bbox 640 3741 865 3814; x_wconf 89' lang='lat' dir='ltr'><strong><em>Salamantina,</em></strong></span> <span class='ocrx_word' id='word_1_162' title='bbox 890 3761 946 3800; x_wconf 90' lang='lat' dir='ltr'><strong><em>nec</em></strong></span> <span class='ocrx_word' id='word_1_163' title='bbox 967 3761 1028 3801; x_wconf 88' lang='lat' dir='ltr'><strong><em>non</em></strong></span> <span class='ocrx_word' id='word_1_164' title='bbox 1049 3743 1078 3802; x_wconf 90' lang='lat' dir='ltr'><strong><em>in</em></strong></span> <span class='ocrx_word' id='word_1_165' title='bbox 1099 3743 1226 3804; x_wconf 85' lang='lat' dir='ltr'><strong><em>dioecesi</em></strong></span> <span class='ocrx_word' id='word_1_166' title='bbox 1242 3741 1397 3802; x_wconf 87' lang='lat' dir='ltr'><strong><em>Meldensi</em></strong></span> <span class='ocrx_word' id='word_1_167' title='bbox 1413 3751 1447 3804; x_wconf 85' lang='lat' dir='ltr'><strong><em>et</em></strong></span> 
     </span>
     <span class='ocr_line' id='line_1_23' title="bbox 318 3837 1443 3919; baseline 0.001 -22"><span class='ocrx_word' id='word_1_168' title='bbox 318 3840 348 3897; x_wconf 91' lang='lat' dir='ltr'><strong><em>in</em></strong></span> <span class='ocrx_word' id='word_1_169' title='bbox 375 3839 442 3898; x_wconf 87' lang='lat' dir='ltr'><strong><em>aliis</em></strong></span> <span class='ocrx_word' id='word_1_170' title='bbox 469 3837 597 3898; x_wconf 89' lang='lat' dir='ltr'><strong><em>Gallicis</em></strong></span> <span class='ocrx_word' id='word_1_171' title='bbox 622 3837 824 3910; x_wconf 83' lang='lat' dir='ltr'><strong><em>dioecesibus,</em></strong></span> <span class='ocrx_word' id='word_1_172' title='bbox 848 3845 879 3896; x_wconf 88' lang='lat' dir='ltr'><strong><em>ct</em></strong></span> <span class='ocrx_word' id='word_1_173' title='bbox 909 3839 1000 3897; x_wconf 89' lang='lat' dir='ltr'><strong><em>etiam</em></strong></span> <span class='ocrx_word' id='word_1_174' title='bbox 1029 3839 1069 3898; x_wconf 87' lang='lat' dir='ltr'><strong><em>sit</em></strong></span> <span class='ocrx_word' id='word_1_175' title='bbox 1098 3839 1325 3919; x_wconf 86' lang='lat' dir='ltr'><strong><em>permittendus</em></strong></span> <span class='ocrx_word' id='word_1_176' title='bbox 1348 3839 1443 3912; x_wconf 83' lang='lat' dir='ltr'><strong><em>alibi3</em></strong></span> 
     </span>
     <span class='ocr_line' id='line_1_24' title="bbox 319 3933 1443 4016; baseline 0.001 -23"><span class='ocrx_word' id='word_1_177' title='bbox 319 3933 487 3994; x_wconf 87' lang='lat' dir='ltr'><strong><em>adhibendi</em></strong></span> <span class='ocrx_word' id='word_1_178' title='bbox 514 3933 632 3993; x_wconf 86' lang='lat' dir='ltr'><strong><em>scilicet</em></strong></span> <span class='ocrx_word' id='word_1_179' title='bbox 664 3933 704 3992; x_wconf 93' lang='lat' dir='ltr'><strong><em>ob</em></strong></span> <span class='ocrx_word' id='word_1_180' title='bbox 731 3933 902 4013; x_wconf 88' lang='lat' dir='ltr'><strong><em>peculiares</em></strong></span> <span class='ocrx_word' id='word_1_181' title='bbox 927 3934 1062 3994; x_wconf 87' lang='lat' dir='ltr'><strong><em>rationes</em></strong></span> <span class='ocrx_word' id='word_1_182' title='bbox 1086 3935 1166 3994; x_wconf 92' lang='lat' dir='ltr'><strong><em>duos</em></strong></span> <span class='ocrx_word' id='word_1_183' title='bbox 1190 3935 1317 4006; x_wconf 77' lang='lat' dir='ltr'><strong><em>caliceS,</em></strong></span> <span class='ocrx_word' id='word_1_184' title='bbox 1344 3956 1443 4016; x_wconf 92' lang='lat' dir='ltr'><strong><em>quum</em></strong></span> 
     </span>
     <span class='ocr_line' id='line_1_25' title="bbox 317 4029 1445 4110; baseline 0.002 -22"><span class='ocrx_word' id='word_1_185' title='bbox 317 4029 463 4090; x_wconf 86' lang='lat' dir='ltr'><strong><em>sacerdos</em></strong></span> <span class='ocrx_word' id='word_1_186' title='bbox 489 4029 566 4090; x_wconf 86' lang='lat' dir='ltr'><strong><em>duas</em></strong></span> <span class='ocrx_word' id='word_1_187' title='bbox 598 4029 735 4088; x_wconf 89' lang='lat' dir='ltr'><strong><em>celebrat</em></strong></span> <span class='ocrx_word' id='word_1_188' title='bbox 766 4029 878 4088; x_wconf 86' lang='lat' dir='ltr'><strong><em>Missas</em></strong></span> <span class='ocrx_word' id='word_1_189' title='bbox 908 4029 1014 4090; x_wconf 87' lang='lat' dir='ltr'><strong><em>eadem</em></strong></span> <span class='ocrx_word' id='word_1_190' title='bbox 1045 4030 1096 4090; x_wconf 88' lang='lat' dir='ltr'><strong><em>die</em></strong></span> <span class='ocrx_word' id='word_1_191' title='bbox 1127 4031 1157 4089; x_wconf 91' lang='lat' dir='ltr'><strong><em>in</em></strong></span> <span class='ocrx_word' id='word_1_192' title='bbox 1185 4029 1323 4090; x_wconf 87' lang='lat' dir='ltr'><strong><em>ecclesiis</em></strong></span> <span class='ocrx_word' id='word_1_193' title='bbox 1350 4030 1445 4110; x_wconf 84' lang='lat' dir='ltr'><strong><em>longe</em></strong></span> 
     </span>
     <span class='ocr_line' id='line_1_26' title="bbox 313 4125 456 4185; baseline 0.014 -2"><span class='ocrx_word' id='word_1_194' title='bbox 313 4125 456 4185; x_wconf 80' lang='lat' dir='ltr'><strong><em>dissitis?</em></strong></span> 
     </span>
    </p>
   </div>
   <div class='ocr_carea' id='block_1_5' title="bbox 350 4285 998 4350">
    <p class='ocr_par' dir='ltr' id='par_1_7' title="bbox 350 4285 998 4350">
     <span class='ocr_line' id='line_1_27' title="bbox 350 4285 998 4350; baseline 0.003 -18"><span class='ocrx_word' id='word_1_195' title='bbox 350 4287 357 4318; x_wconf 90' lang='lat'>¹</span> <span class='ocrx_word' id='word_1_196' title='bbox 378 4287 488 4334; x_wconf 83' lang='lat' dir='ltr'><strong><em>Decreta</em></strong></span> <span class='ocrx_word' id='word_1_197' title='bbox 505 4285 673 4344; x_wconf 81' lang='lat' dir='ltr'><strong><em>authentica,</em></strong></span> <span class='ocrx_word' id='word_1_198' title='bbox 690 4301 716 4334; x_wconf 89' lang='lat' dir='ltr'><strong><em>n.</em></strong></span> <span class='ocrx_word' id='word_1_199' title='bbox 732 4291 807 4341; x_wconf 79' lang='lat'><strong>³068.</strong></span> <span class='ocrx_word' id='word_1_200' title='bbox 822 4291 841 4336; x_wconf 93' lang='lat' dir='ltr'><strong><em>t.</em></strong></span> <span class='ocrx_word' id='word_1_201' title='bbox 858 4303 888 4346; x_wconf 92' lang='lat' dir='ltr'><strong><em>n,</em></strong></span> <span class='ocrx_word' id='word_1_202' title='bbox 905 4303 931 4350; x_wconf 88' lang='lat' dir='ltr'><strong><em>p.</em></strong></span> <span class='ocrx_word' id='word_1_203' title='bbox 951 4291 998 4335; x_wconf 80' lang='lat' dir='ltr'><strong><em>ni.</em></strong></span> 
     </span>
    </p>
   </div>
   <div class='ocr_carea' id='block_1_6' title="bbox 0 0 1628 5026">
    <p class='ocr_par' dir='ltr' id='par_1_8' title="bbox 0 0 1628 5026">
     <span class='ocr_line' id='line_1_28' title="bbox 0 0 1628 5026; baseline 0 0"><span class='ocrx_word' id='word_1_204' title='bbox 0 0 1628 5026; x_wconf 95' lang='lat' dir='ltr'><strong><em> </em></strong></span> 
     </span>
    </p>
   </div>
  </div>
 </body>
</html>
