3224 5044
321 499 356 552 90
805 501 849 551 DE
867 500 967 552 nlsss

320 685 364 696 —
384 647 511 710 Verum
531 645 707 710 admonuit
726 647 904 734 episcopus
928 646 1108 713 Naxiensis
1136 668 1202 710 non
1225 645 1344 710 debere
1360 665 1448 729 pro-

323 760 433 824 hiberi
456 760 549 844 quod
567 761 701 846 petitur
725 761 857 824 nomine
876 761 1019 826 subsidii
1038 783 1057 825 a
1076 760 1337 842 celebrantibus,
1366 781 1449 823 cum

321 874 382 958 qui
401 873 503 938 alteri
521 867 635 958 seruit,
657 874 760 938 altari
774 876 981 961 participare
1000 875 1147 940 debeat&
1171 873 1214 938 Et
1237 874 1312 938 ideo
1332 873 1448 938 deleto

321 993 402 1052 sunt
427 987 531 1052 verbo
555 989 750 1072 schematis,
780 996 814 1053 et
838 989 1073 1078 scriptumest
1099 989 1271 1053 decretum
1297 997 1336 1053 ut
1354 1011 1448 1052 nunc

316 1101 420 1190 jacet.

366 1215 400 1280 2ο
418 1215 464 1282 Ut
484 1216 632 1282 diximus
652 1239 754 1304 supra
774 1221 828 1300 (n.
852 1217 944 1306 39),
964 1239 1059 1283 conc.
1078 1215 1183 1298 Trid.,
1202 1239 1230 1280 e.
1255 1216 1445 1300 Continqit,

322 1330 358 1414 l,
381 1354 463 1396 sess.
487 1331 591 1412 XXV,
615 1333 666 1395 Dn
686 1351 771 1412 nun,
794 1354 861 1396 non
882 1331 982 1396 modo
1001 1355 1069 1396 non
1089 1330 1282 1419 reprobavit
1301 1330 1448 1394 eleemo-

321 1425 441 1531 synam
461 1470 521 1534 pro
542 1446 671 1528 missis,
695 1447 754 1511 sed
774 1447 877 1512 etiam
895 1447 1041 1534 positive
1061 1445 1229 1533 permisit,
1258 1445 1326 1508 imo
1341 1443 1449 1531 jussit

320 1581 395 1624 eam
415 1560 542 1645 augeri.
562 1559 715 1648 Insuper,
737 1561 772 1624 in
788 1560 852 1625 hoc
867 1561 940 1648 ipso
956 1584 985 1626 c.
1006 1559 1138 1635 Quanta
1151 1583 1244 1642 cura,
1262 1560 1312 1624 Du
1332 1578 1447 1623 ossen-

322 1693 453 1752 vsnurs,
484 1680 564 1754 ete,
598 1675 779 1738 concilium
815 1697 973 1762 expresse
1008 1675 1173 1763 permittit
1202 1673 1447 1758 postulationes

321 1787 616 1875 eleemosynarum
626 1812 686 1878 pro
703 1789 834 1871 missis,
851 1797 885 1853 et
898 1811 967 1853 nou
982 1789 1139 1876 prohibet
1152 1788 1217 1852 nisi
1233 1789 1447 1872 importunas

319 1911 421 1988 atque
437 1903 618 1967 illiberales
638 1905 835 1968 exactiones.
854 1903 955 1990 Ergo,
973 1925 1033 1991 per
1047 1903 1118 1968 hsec
1137 1901 1240 1966 verba
1259 1921 1266 1967 :
1286 1901 1447 1986 CuJ'usuis

319 2019 452 2102 qeneris
473 2018 664 2082 mercedum
683 2019 901 2101 condiciones,
919 2025 1031 2104 pacta,
1053 2015 1275 2104 intelligenda
1295 2021 1376 2080 sunt
1391 2015 1446 2080 vel

210 2165 214 2173 ·
320 2139 418 2218 pacta
441 2133 638 2214 simoniaca,
667 2141 705 2198 ut
731 2133 879 2199 indicare
905 2133 1039 2198 videtur
1062 2133 1188 2198 locutio
1213 2130 1446 2195 «mercedum

319 2244 531 2308 conditiones
562 2273 594 2326 n,
628 2248 683 2310 vel
714 2254 812 2334 pacta
838 2248 1084 2333 superstitiosa,
1113 2248 1169 2311 vel
1199 2252 1296 2334 pacta
1319 2253 1447 2329 praeter

321 2381 420 2422 usum
439 2381 651 2424 communem
671 2360 836 2425 Ecclesiae.

364 2475 397 2538 3⁰
416 2472 540 2538 Nullus
559 2482 677 2540 auctor
696 2476 883 2540 catholicus
902 2475 1071 2541 intellexit
1089 2473 1227 2562 praelate
1244 2473 1348 2537 verba
1364 2494 1445 2536 con·

318 2587 402 2668 cilii,
432 2589 468 2652 in
494 2611 533 2653 eo
560 2611 662 2654 sensu
682 2590 773 2678 quod
796 2589 1006 2678 prohibuerit
1037 2589 1212 2674 quodlibet
1239 2596 1380 2672 pactum
1404 2586 1445 2650 de

318 2703 448 2785 missis;
465 2703 532 2768 imo
553 2725 614 2769 nee
628 2704 701 2792 ipsa
717 2704 945 2791 Congregatio
965 2703 1108 2769 Concilii
1124 2702 1186 2766 hoc
1206 2702 1382 2766 decretum
1398 2701 1445 2764 sic

317 2819 539 2907 interpretata
566 2827 634 2898 est,
669 2841 773 2906 quum
800 2819 873 2905 ipsa
899 2818 1044 2906 positive
1076 2817 1251 2906 permittat
1277 2814 1444 2902 stipendia

318 2933 511 3013 missarum,
535 2933 575 2996 de
594 2931 718 3020 quibus
737 2932 834 3019 plura
854 2933 988 2997 decretu
1007 2932 1098 3012 tulit,
1117 2939 1154 2997 ut
1173 2929 1259 2994 inira
1279 2931 1442 2994 dicemus.

321 3085 362 3096 -
389 3047 487 3112 Unde
507 3047 688 3111 dicendum
708 3053 759 3110 est
783 3045 870 3110 illud
889 3047 1000 3135 ipsum
1019 3053 1157 3134 pactum
1178 3044 1269 3132 quod
1289 3043 1446 3108 consistit

317 3161 352 3222 in
373 3159 580 3244 obligatione
599 3161 760 3247 utrinque
780 3169 970 3250 assumpta,
994 3161 1095 3224 dandi
1115 3181 1236 3246 nempe
1257 3157 1446 3242 eleemosy-

317 3293 414 3350 nam,
437 3279 470 3335 et
499 3272 693 3338 celebrandi
720 3273 876 3357 missum,
906 3275 1000 3339 nullo
1027 3274 1127 3338 modo
1152 3270 1322 3361 prohiberi
1340 3273 1363 3347 ‘‚
1386 3269 1445 3335 sed

316 3391 468 3464 tantum,
490 3392 528 3449 ut
548 3385 677 3451 dictum
697 3395 765 3471 est,
787 3396 885 3476 poeta
906 3389 1088 3453 simoniaca
1108 3395 1168 3453 nul
1188 3385 1442 3475 superstitiosa,

315 3507 374 3565 aut
394 3505 510 3563 contra
530 3505 644 3564 texam
663 3503 852 3589 praefixam,
870 3523 1012 3567 usumve
1033 3524 1272 3580 communem..

360 3745 428 3812 41.
450 3785 493 3794 -
518 3745 719 3822 Quaeritur
741 3747 778 3812 1⁰
801 3745 895 3808 Num
914 3746 1067 3810 sacerdos
1087 3745 1176 3809 diues
1195 3745 1303 3830 possit
1323 3751 1443 3828 postu-

317 3861 388 3926 lare
407 3863 652 3947 eleemosynam
667 3884 733 3946 pro
759 3861 870 3928 missa.

360 3975 458 4060 Hesp.
479 3997 491 4040 .·
511 3973 745 4054 Affirmntive;
769 3996 863 4054 nam,
886 3973 950 4038 hoc
970 3974 1183 4061 adjunctum,
1205 3971 1296 4060 quod
1321 3991 1442 4058 nempe

347 4210 436 4258 ¹Acta
457 4209 614 4258 sulbenlics
637 4207 747 4258 concilii
770 4207 857 4265 l'rid.,
880 4207 928 4256 loc.
945 4206 1000 4264 cit,
1017 4223 1043 4269 p.
1060 4211 1111 4254 122.

346 4287 410 4335 ²Cl.
428 4288 538 4348 Susree,
557 4289 605 4337 loc.
622 4287 677 4346 cit.¹
695 4291 838 4344 sect.1,n.
855 4290 877 4334 l.
