3180 5024
491 499 535 548 DE
554 497 668 549 saunis
689 497 903 550 UTENSlLlDUS
1207 495 1261 548 2lD

130 642 343 730 praecesserit
362 649 421 706 aut
440 649 602 730 sequatur
628 642 761 724 fracti0‚
784 665 859 729 quae
884 641 1023 707 calicem
1047 640 1167 706 reddat
1186 641 1259 705 ina·

129 763 228 843 ptum
249 756 292 820 ad
311 779 423 822 usum.
445 795 490 807 -
514 758 564 821 De
590 780 657 845 quo
682 755 868 822 notandum
888 763 940 820 est
964 755 1101 836 calices,
1124 754 1260 842 quando

129 869 313 936 traduntur
351 868 446 935 fabro
485 870 678 959 reparandi,
718 893 786 935 non
825 869 947 936 debere
985 871 1079 960 prius
1112 868 1260 934 execrari

131 985 184 1072 (v.
207 1008 256 1071 g.,
277 1007 338 1072 per
357 983 587 1073 fractionem),
609 986 670 1050 sed
689 985 810 1050 debere
829 983 917 1052 tradi
936 992 975 1051 ut
994 991 1089 1062 sunt,
1110 990 1149 1048 ut
1168 981 1259 1047 deci-

128 1097 197 1180 dit,
215 1104 332 1163 contra
352 1097 485 1186 aliquos
504 1099 602 1164 aliter
616 1099 730 1187 inepte
750 1099 949 1180 sentienteS,
965 1099 1000 1164 S.
1023 1098 1092 1163 Rit.
1115 1097 1256 1183 Congu,

130 1213 167 1276 in
191 1235 259 1277 una
279 1211 480 1296 dubiorum,
503 1213 545 1280 20
570 1236 642 1300 apr.
667 1212 752 1278 1822
766 1217 787 1278 ¹.
810 1213 910 1278 Ratio
934 1220 987 1278 est
1011 1211 1089 1300 quia
1109 1210 1164 1274 lex
1184 1233 1260 1297 quau

129 1324 289 1412 prohibet
308 1348 350 1391 ne
369 1350 451 1392 vasa
471 1351 566 1393 secra
587 1334 771 1415 tangantur
791 1351 809 1392 a
829 1327 994 1416 prolenis,
1018 1349 1085 1390 uon
1105 1331 1205 1410 urget
1224 1323 1258 1388 in

129 1461 213 1504 casu
233 1439 446 1507 necessitatis
458 1443 479 1505 ¹.

179 1651 273 1720 116.
298 1691 342 1700 -
365 1653 525 1722 Patenae
553 1655 736 1736 materia,
761 1654 1022 1735 consecratio,
1048 1651 1258 1720 execratio.

179 1769 213 1830 1⁰
231 1767 365 1832 Patenae
385 1770 537 1836 materia.
561 1807 604 1817 -
628 1769 705 1834 Non
729 1767 911 1856 requiritur
934 1775 973 1832 ut
997 1773 1119 1854 patena
1148 1765 1193 1828 sit
1216 1787 1258 1828 ex

129 1903 214 1946 auro
233 1888 291 1946 aut
319 1889 475 1969 argeum,
499 1882 559 1947 sed
578 1890 690 1968 potest
718 1905 785 1948 cccc
808 1905 850 1945 cc
877 1882 943 1946 alio
971 1880 1122 1962 metalla,
1145 1879 1260 1964 quoad

126 2004 263 2080 partem
282 1997 490 2081 superiorem
505 2019 562 2062 seu
578 2020 754 2062 concavam
771 1997 938 2061 inaurato
956 2033 1000 2042 -
1015 1991 1156 2058 Constat
1170 1991 1259 2056 clare

128 2133 174 2174 ex
201 2109 332 2175 rubrica
354 2111 426 2198 jam
452 2134 553 2198 supra
581 2110 633 2198 (n.
665 2111 762 2198 112)
791 2111 913 2190 relata,
945 2110 979 2173 in
1011 2131 1075 2196 qua
1102 2107 1255 2194 legitur:

131 2247 149 2280 «
177 2220 287 2286 Debet
307 2221 430 2310 (calix)
451 2245 525 2288 esse
544 2225 599 2288 vel
620 2246 742 2288 aureus
755 2223 810 2288 vel
835 2229 1031 2310 argenteuS,
1054 2226 1112 2286 aut
1136 2219 1257 2284 saltem

128 2334 254 2400 habere
275 2359 419 2424 cuppam
438 2346 635 2425 argenteam
655 2339 746 2403 intus
766 2338 971 2416 inauratam,
993 2345 1040 2418 et,
1062 2333 1166 2400 simul
1180 2357 1258 2398 cum

124 2459 268 2535 patena,
288 2451 402 2515 itidem
422 2453 595 2532 inaurata,
620 2451 662 2516 ab
683 2453 849 2539 Episcopo
869 2458 1097 2516 consecratus
1124 2475 1139 2508 n
1160 2447 1258 2515 Unde

128 2563 264 2628 rubrica
299 2565 477 2652 distinguit
513 2566 601 2632 inter
632 2566 769 2630 calicem
804 2573 837 2630 et
870 2573 1045 2652 patenam,
1079 2571 1113 2628 et
1144 2561 1259 2627 calicis

128 2675 268 2764 quidem
295 2680 447 2765 assignat
473 2679 665 2760 materiam,
688 2701 808 2766 nempe
833 2701 952 2743 aurum
980 2677 1035 2741 vel
1059 2683 1255 2764 argentum,

128 2811 199 2854 non
220 2813 300 2855 vcro
319 2798 466 2878 patcnae;
485 2793 592 2874 unde,
609 2815 670 2879 pro
685 2792 825 2856 materia
845 2797 987 2878 patenae,
1006 2787 1130 2853 sufficit
1149 2787 1258 2875 quod-

128 2926 276 2991 cumque
296 2905 490 2987 metallum,
512 2905 613 2971 modo
634 2906 678 2970 sit
698 2905 821 2970 decens
846 2911 880 2969 et
905 2905 1101 2968 inauratum
1128 2900 1258 2990 (quoad

127 3025 261 3104 partem
280 3019 488 3105 superiorem
508 3045 583 3109 quae
607 3021 727 3108 recipit
751 3019 1004 3085 sanctissimum
1027 3015 1154 3083 Christi
1173 3015 1258 3082 Cor-

127 3131 230 3220 pus);
248 3155 316 3198 non
336 3133 461 3201 suflicit
480 3135 697 3214 aluminium,
715 3157 776 3199 nec
796 3157 842 3198 aas
862 3131 1016 3198 aluminii
1029 3130 1255 3212 ordinarium,

127 3246 210 3334 quia
228 3246 299 3311 haec
318 3249 456 3314 metalla
475 3249 722 3316 inaurationem
742 3272 809 3313 non
829 3248 1020 3335 patiuntur,
1038 3245 1163 3312 suflicit
1176 3267 1259 3308 vero

128 3383 290 3447 cuprum,
321 3370 497 3444 stannum,
524 3387 570 3428 aes
599 3363 752 3428 aluminii
777 3387 853 3428 cum
877 3359 1132 3427 condicionibus
1156 3371 1259 3446 sup'ra

130 3474 181 3562 (n.
199 3475 293 3563 118)
312 3478 534 3566 praescriptis,
558 3486 622 3544 etc.
646 3477 746 3544 Ratio
765 3500 845 3542 vcro
866 3499 924 3541 cur
939 3477 1027 3541 calix
1042 3480 1165 3562 patena
1184 3495 1259 3560 pre-

130 3587 250 3652 tiosior
276 3579 350 3655 esse
377 3591 514 3673 debeat,
537 3601 589 3658 cst
615 3593 693 3681 quia
713 3591 882 3678 pretiosus
904 3589 1039 3655 Domini
1059 3587 1204 3673 Sanguis
1223 3587 1258 3650 in

128 3701 206 3788 ipso
227 3703 330 3769 calice
349 3713 566 3772 consecratur
585 3714 619 3771 et
638 3707 789 3786 offertur,
811 3706 943 3791 Corpus
962 3725 1042 3768 vero
1068 3699 1203 3766 Domini
1223 3699 1260 3762 in

129 3817 315 3904 corporali,
337 3841 405 3883 non
431 3819 465 3883 in
494 3827 617 3907 patena
643 3826 859 3885 consecratur
885 3825 918 3884 et
949 3817 1099 3882 offertur.
1121 3853 1165 3864 -
1189 3813 1258 3880 Nec

130 3925 226 3994 dicas
244 3927 417 4015 praescribi
436 3953 555 3995 aurum
574 3930 629 3995 vel
652 3936 831 4017 argentum
855 3951 916 4017 pro
940 3935 1063 4016 patena
1087 3925 1173 3990 sicut
1197 3947 1260 4010 pro

129 4045 254 4126 calice,
276 4043 309 4109 in
343 4067 417 4110 can.
449 4045 495 4108 Ut
520 4045 625 4128 ratic,
653 4045 711 4125 45,
743 4045 822 4110 dist.
851 4043 881 4126 13
909 4044 959 4108 Du
984 4057 1256 4114 consecratricem

164 4241 171 4274 ¹
192 4241 305 4289 Decreta
319 4241 490 4298 authentica,
508 4257 534 4290 n.
549 4247 622 4296 2620,
636 4245 656 4291 t.
674 4257 703 4292 n.
721 4255 745 4303 p.
761 4246 814 4288 199.

162 4320 174 4354 ³
191 4320 231 4370 Cf.
248 4321 355 4378 Quarti,
373 4323 422 4371 loc.
439 4322 495 4378 cu„
509 4323 573 4372 dub.
590 4327 612 4369 6.
