3174 5046
406 533 449 581 DE
469 531 626 583 TEMPORE
646 531 906 584 CELEBRATIONIS
926 534 1033 584 MISSAE
1249 532 1281 586 53

155 677 347 743 indultum:
371 675 645 742 «celebrandi...
662 698 728 762 per
753 698 856 740 unam
879 677 1001 741 horam
1025 685 1102 742 ante
1120 700 1282 744 auroram

153 800 186 858 et
205 793 309 857 eliam
323 799 402 877 poet
418 789 605 854 meridiem.
632 817 647 850 n
670 789 722 855 CI.
745 796 879 856 textum
899 813 1001 878 supra
1022 789 1077 876 (n.
1102 790 1186 876 10).

200 906 233 973 3⁰
260 903 360 984 Quod
382 903 454 992 ipse
481 905 653 989 epiecopus
677 905 786 992 possit
812 904 1008 992 dispensare
1040 904 1075 969 in
1105 905 1180 992 lege
1207 927 1282 994 queo

155 1019 275 1087 statuit
301 1019 419 1084 horam
446 1017 684 1084 celebrationis
711 1017 908 1098 missarum,
931 1017 1016 1082 nulli
1042 1018 1184 1084 dubium
1208 1041 1282 1084 esse

153 1141 283 1222 potest,
312 1132 453 1198 attentis
483 1131 525 1196 iis
550 1155 625 1220 quae
654 1155 822 1198 canonum
858 1133 1013 1197 doctores
1044 1140 1078 1197 et
1111 1132 1282 1220 tlieologi¹

153 1247 293 1314 tradunt
332 1247 373 1312 de
410 1251 580 1333 potestate
610 1245 856 1334 Episcoporum
884 1246 1105 1334 dispensandi
1142 1247 1177 1310 in
1206 1245 1282 1332 jure

136 1362 342 1444 ,communi‚
370 1361 405 1424 in
430 1359 471 1424 iis
491 1383 566 1447 quae
584 1365 785 1446 frequenter
808 1368 1004 1425 occurrunt.
1033 1359 1079 1426 Ut
1103 1367 1217 1425 autem
1241 1382 1282 1424 ex

154 1475 349 1541 eorumdem
365 1475 518 1539 doctrina
537 1473 659 1539 deduci
678 1481 802 1561 potest,
818 1474 1006 1562 Episcopus
1025 1473 1088 1540 hac
1108 1473 1142 1538 in
1162 1496 1197 1538 re
1216 1473 1283 1538 dis·

154 1612 296 1678 pensare
324 1595 438 1677 potest
467 1588 523 1653 vel
549 1611 626 1653 oum
655 1586 800 1652 subditis
830 1588 1081 1673 sinpularihus,
1110 1589 1211 1652 etiem
1238 1588 1282 1651 ad

50 1761 55 1770 .
154 1705 270 1786 vitam,
287 1703 343 1768 vel
363 1725 440 1768 eum
459 1709 550 1767 certo
575 1724 716 1767 numero
740 1703 955 1768 ecclesiarum
975 1711 1035 1768 aut
1058 1702 1280 1788 capellarum,

153 1819 255 1882 etiam
275 1817 374 1882 modo
389 1817 605 1903 permanenti
620 1816 727 1904 (quod
747 1815 826 1881 iecit
845 1815 1050 1880 Benedictus
1066 1815 1157 1896 XIV,
1180 1815 1280 1896 Inst,

155 1930 308 2014 LXVIII,
330 1954 364 1996 n.
388 1931 460 2020 12),
482 1954 551 1996 non
570 1953 651 1997 vero
671 1953 749 1995 cum
770 1938 839 1994 tota
854 1931 983 1994 dioecesi
1004 1931 1037 1993 in
1052 1937 1282 2014 perpetuum:

153 2045 245 2134 quod
264 2052 355 2111 esset
374 2068 443 2111 non
462 2045 678 2134 dispensare,
701 2045 761 2110 sed
780 2043 900 2108 tollere
916 2043 986 2131 jus.

198 2159 232 2225 I⁰
253 2159 501 2226 Consuetudinc
520 2159 602 2224 item
626 2158 809 2246 temperari
828 2181 929 2246 posse
953 2155 1127 2246 praelatam
1152 2156 1278 2242 legem,

153 2273 340 2351 tenendum
366 2280 430 2338 est.
454 2271 644 2338 Fatendum
670 2271 807 2360 quidem
834 2278 887 2338 est
912 2249 1194 2337 consuetudinem
1214 2291 1281 2334 non

153 2411 253 2477 posse
275 2387 479 2475 generaliter
500 2386 615 2452 induci
635 2392 752 2451 contra
777 2387 943 2451 Rubrices
964 2385 1130 2468 missalia,
1148 2407 1278 2462 verum,

153 2501 188 2567 in
217 2524 252 2567 re
281 2501 457 2589 praesenti,
486 2499 627 2566 rubricav
645 2523 714 2565 non
743 2507 795 2565 est
820 2501 975 2566 absoluta
1002 2507 1036 2564 et
1059 2519 1191 2584 semper
1223 2521 1281 2562 ur-

152 2637 250 2702 pene,
271 2623 311 2680 ut
325 2615 503 2681 deducitur
523 2637 564 2679 ex
583 2614 625 2678 iis
646 2615 809 2696 rubricis,
832 2620 920 2702 part.
949 2613 1014 2694 III,
1041 2613 1094 2677 tit.
1117 2635 1155 2694 x,
1178 2633 1212 2676 n.
1236 2610 1251 2674 I
1271 2631 1277 2676 :

156 2755 172 2789 a
203 2727 385 2814 (Deiectus
408 2731 478 2818 est)
500 2729 528 2793 si
559 2751 627 2793 non
654 2728 699 2793 sit
727 2735 863 2816 tempus
889 2725 1042 2792 debitum
1069 2723 1278 2803 celebrandi,
1367 2747 1381 2764 ·

152 2843 244 2932 quod
270 2849 322 2908 est
348 2842 390 2908 ab
422 2865 542 2908 aurora
568 2865 676 2931 usque
711 2842 754 2907 ad
784 2840 959 2906 meridiem
996 2839 1232 2904 communiter.
1262 2865 1277 2896 n

152 2956 317 3038 Proinde,
344 2957 373 3021 si
399 2951 609 3022 consuetudo
637 2957 681 3021 sit
711 2953 939 3034 rationabiliS,
966 2959 1000 3018 et
1026 2952 1092 3018 alia
1117 2951 1279 3038 requiSIta

151 3069 290 3153 habeat,
317 3069 367 3135 illi
395 3070 555 3137 standum
580 3075 643 3136 est.
671 3069 710 3134 ln
735 3092 803 3158 quo
826 3067 951 3134 videris
978 3067 1133 3133 doctores
1159 3087 1280 3130 convc-

152 3185 225 3251 nire
241 3185 468 3252 communiter
479 3191 500 3250 ¹.

197 3299 231 3365 5⁰
251 3299 413 3382 Demum,
442 3299 538 3387 quia,
566 3299 655 3364 sicut
675 3303 842 3386 potestas,
867 3298 968 3362 itaet
994 3295 1050 3362 lex
1076 3295 1111 3360 in
1134 3293 1279 3358 aedifica-

151 3413 296 3494 tionem,
319 3435 387 3478 non
414 3413 449 3477 in
479 3412 763 3494 destructionem,
785 3412 896 3500 posita
924 3419 992 3492 est,
1015 3411 1049 3474 in
1073 3409 1279 3496 quibusdam

150 3527 314 3612 precihus
333 3527 505 3614 adjunctis
510 3577 521 3612 ,
544 3527 592 3592 sie
611 3524 914 3615 interpretantibus
935 3524 1147 3604 doctoribus,
1167 3529 1280 3610 potest

152 3665 219 3706 uua
244 3642 329 3707 liora
359 3643 491 3728 intepra
521 3641 698 3730 anticipari
723 3641 777 3706 vel
809 3639 936 3704 dillerri
960 3639 1080 3718 missa,
1109 3660 1142 3701 v.
1165 3659 1214 3722 g.,
1237 3657 1278 3698 ne

151 3756 236 3822 satis
260 3779 383 3843 magna
404 3779 482 3844 pars
504 3755 655 3821 fidelium
679 3755 783 3820 missa
811 3753 865 3818 die
889 3753 975 3818 festo
1005 3757 1133 3832 careat,
1163 3749 1279 3814 velex

151 3891 253 3935 cause
276 3869 424 3952 itineris,
441 3869 586 3960 publicae
611 3869 885 3958 supplicationiS,
911 3865 1083 3932 concionis
1104 3862 1276 3942 solemnIS,

183 4097 191 4130 ¹
208 4097 248 4145 Cf.
265 4095 292 4144 S.
306 4095 398 4160 nlpn,
414 4096 461 4145 lib.
472 4095 522 4156 Vl,
539 4111 565 4144 n.
580 4099 638 4155 ³443
651 4124 680 4132 -
692 4095 937 4158 Schnmlzgrucbcr,
951 4095 978 4142 tn
991 4094 1033 4142 tlt.
1046 4093 1084 4141 De
1098 4089 1279 4140 celebratione

152 4175 310 4234 missarum,
327 4191 353 4225 n.
367 4180 406 4225 ⁴6.

181 4256 233 4305 ²S.
248 4257 341 4320 Alph„
359 4256 435 4315 ibid„
452 4273 478 4306 n.
494 4261 553 4316 3l³;
566 4285 595 4294 -
606 4257 764 4320 Schmalzg,
780 4255 862 4312 ibide
880 4283 907 4292 -
924 4257 957 4304 de
974 4254 1074 4312 llerdt‚
1092 4252 1180 4302 Saerae
1201 4249 1279 4300 litur-

149 4336 204 4400 91'2
216 4336 325 4400 praeis,
342 4351 368 4386 n.
385 4341 443 4398 102,
461 4337 587 4397 Lovanil,
605 4342 678 4394 1863,
695 4341 714 4386 t.
734 4353 754 4395 1,
771 4353 797 4400 p.
814 4341 868 4384 135.
