3224 5044
557 484 601 533 nn
620 456 734 534 russis¹
748 482 910 535 ruamus
1241 484 1291 536 ¹25

169 627 304 692 fabrieae
338 626 498 692 Ecclesiae
534 650 595 715 pro
633 627 785 714 gestione
822 625 988 692 bonorum
1024 627 1113 693 dotis
1151 629 1292 718 aliisque

168 741 343 828 impensis,
365 745 439 808 tum
454 739 532 828 quia
551 747 780 827 opportunum
798 747 849 806 est
864 742 967 806 etiam
982 743 1156 808 consulere
1171 742 1291 808 futurae

168 853 398 920 imminutioni
417 852 613 946 bonoruml.

212 969 248 1034 b.
281 968 317 1034 Si
351 967 495 1032 donator
532 967 758 1056 assignaverit
789 975 904 1033 taxarn
941 968 1028 1034 infra
1066 976 1229 1035 statuta-m
1259 977 1292 1036 ct

168 1082 278 1148 adhuc
298 1081 370 1170 ipse
390 1082 501 1164 vivat,
523 1104 577 1146 res
597 1105 673 1147 cum
693 1082 766 1170 ipso
786 1083 1016 1170 componenda
1037 1091 1100 1149 est.

213 1219 241 1262 c.
269 1194 304 1260 Si
328 1197 472 1260 donator
497 1203 652 1260 mortuus
676 1196 721 1260 sit
744 1196 799 1260 vel
824 1195 976 1261 fundatio
1000 1196 1087 1262 facta
1111 1196 1211 1261 fuerit
1233 1221 1293 1286 per

168 1316 282 1376 actum
307 1309 436 1374 ultimae
469 1309 672 1392 voluntatis,
704 1333 758 1374 res
790 1310 948 1400 componi
973 1311 1091 1398 nequit
1116 1335 1194 1375 cum
1220 1311 1293 1398 ejus

168 1421 375 1504 baeredibus,
405 1422 464 1487 sed
491 1423 732 1488 recurrendum
761 1430 813 1489 est
843 1423 885 1487 ad
911 1423 946 1489 S.
977 1423 1099 1488 Sedem
1127 1423 1182 1510 (ut
1207 1422 1293 1488 infra

170 1537 318 1618 dicetur,
351 1560 385 1602 n.
421 1538 508 1622 74),
535 1537 600 1601 nisi
631 1537 791 1602 fundator
814 1537 849 1602 in
876 1537 951 1625 ipso
978 1544 1055 1602 actu
1086 1536 1293 1603 fundationis

148 1656 375 1738 ,potestatem
400 1650 555 1716 tribuerit
580 1651 752 1738 Superiori
776 1649 958 1716 reducendi
977 1674 1155 1716 numerum
1174 1652 1292 1718 missa-

169 1787 257 1830 rum.

215 1877 248 1941 4⁰
276 1877 312 1943 Si
346 1884 456 1942 rector
489 1878 642 1944 Instituti
674 1877 907 1943 fundationem
937 1878 1109 1943 definitive
1143 1887 1294 1966 acceptet
1363 1957 1365 1965 Α

171 1993 244 2057 sine
263 1991 401 2056 licentia
417 1992 618 2080 Superioris,
636 1991 777 2056 incurrit
791 2014 926 2079 poenam
939 1992 1098 2080 praedicto
1114 1993 1244 2056 decreto
1255 1991 1291 2076 5,

170 2105 290 2193 partio.
320 2107 355 2186 3,
386 2112 564 2188 statutam,
595 2128 716 2194 nempe
747 2124 754 2172 :
784 2131 800 2165 a
830 2105 994 2193 Alioquin
1021 2106 1208 2188 saecularis,
1237 2105 1294 2193 qui

171 2218 273 2305 hujus
311 2217 548 2306 prohibitionis
585 2227 817 2304 transgressor
855 2218 1022 2300 extite'rit,
1065 2217 1107 2284 ab
1140 2219 1294 2307 ingressu

170 2331 320 2396 ecclesiae
336 2332 536 2397 interdictus
556 2332 600 2398 sit
620 2355 659 2397 eo
679 2332 768 2420 ipso;
790 2333 955 2420 regularis
974 2356 1053 2398 vero
1072 2355 1208 2422 poenam
1227 2333 1294 2421 pri-

170 2445 319 2510 vationis
338 2446 489 2510 omnium
508 2445 696 2510 officiorum
715 2469 790 2534 quae
814 2453 895 2511 tuno
914 2445 1095 2526 obtinebit,
1117 2469 1157 2512 ac
1178 2470 1296 2535 perpe·

170 2565 238 2624 tuae
266 2558 490 2624 inhabilitatis
516 2559 559 2624 ad
584 2559 652 2625 alia
679 2560 721 2625 de
747 2567 868 2625 caetero
901 2559 1100 2640 obtinenda,
1135 2560 1296 2648 vocisque

171 2673 291 2738 activae
317 2679 351 2738 et
378 2673 539 2760 passivae,
566 2671 692 2762 absque
717 2674 783 2738 alia
811 2673 1054 2754 declaratione,
1083 2674 1244 2740 incurrat.
1277 2701 1293 2733 »

172 2787 286 2852 Prima
305 2794 423 2852 tamen
452 2809 568 2876 poena,
600 2809 722 2875 nempe
754 2769 923 2851 interdicti
955 2794 1073 2851 contra
1099 2785 1293 2868 saeculares,

171 2901 333 2981 cessavit,
355 2907 474 2988 utpote
490 2923 559 2964 non
578 2901 683 2965 relata
699 2901 734 2964 in
753 2899 847 2965 bulla
866 2899 1066 2986 Apostolicae
1085 2899 1191 2964 Sedis.

217 3015 251 3081 5⁰
271 3012 405 3079 Omissa
432 3013 569 3078 licentia
600 3013 803 3101 Superioris,
832 3011 984 3078 fundatio
1014 3011 1150 3101 quidem
1180 3010 1297 3075 illicita

173 3135 241 3210 est,
270 3127 330 3192 sed
356 3150 424 3192 non
454 3127 564 3210 irrita,
587 3127 666 3216 quia
698 3150 820 3215 nempe
847 3127 918 3192 haec
943 3149 1043 3215 poena
1071 3125 1239 3192 nullitatis
1263 3125 1297 3189 in

172 3241 321 3329 praefatis
345 3241 488 3307 decretis
511 3249 653 3306 nonest
678 3247 820 3322 statuta3
842 3241 932 3306 unde
956 3241 1048 3307 valet
1069 3239 1232 3306 fundatio.
1255 3277 1296 3288 -

172 3355 356 3438 Attamen,
378 3355 413 3419 in
446 3355 510 3420 hoc
542 3379 638 3438 casu,
669 3355 786 3420 dicunt
815 3357 930 3444 plures
962 3355 998 3440 in
1030 3361 1198 3443 potestate
1224 3377 1297 3420 esse

173 3469 362 3556 Superioris
387 3469 596 3534 rescindendi
621 3470 874 3555 fundationem,
906 3469 1051 3558 allegata
1079 3467 1297 3556 responsione

174 3583 209 3650 S.
233 3582 357 3672 Congr.
377 3583 439 3672 Ep.
463 3590 496 3648 et
520 3585 621 3672 fleg„
647 3584 682 3647 in
710 3583 888 3668 Amisiam,
917 3585 956 3648 Π
980 3583 1060 3648 maii
1081 3581 1162 3647 4861
1178 3585 1200 3663 ²,
1223 3605 1310 3668 quoe,

172 3703 287 3763 tamen
314 3697 399 3762 nihil
428 3696 564 3785 probat,
593 3697 671 3786 quia
704 3697 777 3786 ipsa
810 3696 1036 3784 Congregatio
1066 3695 1298 3760 fundationem

206 3892 215 3926 ¹
231 3891 354 3952 Parisiis,
370 3895 433 3942 texe
447 3907 497 3954 pro
512 3892 602 3940 missis
618 3892 758 3955 perpetuis
773 3893 815 3940 est
830 3904 935 3939 summa
949 3890 1067 3953 quinque
1081 3887 1233 3938 libellarem
1249 3903 1298 3951 pro

174 3971 286 4034 singulis
302 3971 348 4036 (ex
363 3971 462 4035 quibus
477 3973 538 4020 duae
553 3971 662 4021 fabrica
677 3971 877 4035 reservantur),
891 3973 918 4019 et
933 3969 1046 4033 proinde
1062 3983 1121 4017 sors
1135 3969 1172 4032 (lc
1185 3967 1297 4032 capital)

174 4066 224 4114 pro
239 4067 291 4100 una
306 4053 390 4101 misse
404 4055 537 4115 perpetua
550 4055 592 4101 cst
607 4053 716 4101 circiter
732 4056 776 4099 15⁰
789 4051 836 4099 lib.

205 4129 276 4181 ²lta
301 4133 408 4194 Lucidi,
428 4131 467 4182 De
489 4131 656 4190 visitatione,
680 4136 742 4190 etc,
766 4145 789 4180 c.
812 4146 862 4190 vn,
886 4147 912 4179 n.
938 4134 980 4190 55,
1002 4133 1074 4188 1818,
1096 4132 1117 4178 t.
1136 4144 1171 4188 n,
1192 4145 1218 4191 p.
1238 4131 1296 4186 l1r;

174 4225 254 4274 quem
267 4215 419 4276 sequuntur
431 4212 561 4270 Gennari,
578 4209 794 4269 Consultazioni,
808 4225 870 4273 pars
883 4209 921 4270 ll,
935 4225 958 4258 c.
973 4226 1003 4270 u,
1015 4226 1041 4258 n.
1056 4215 1083 4268 6,
1095 4209 1216 4272 Neapoli,
1228 4213 1296 4268 1891,

175 4306 202 4354 p.
217 4296 276 4352 808;
294 4319 322 4330 -·
338 4291 479 4356 Gasparri‚
495 4292 533 4340 Dc
550 4289 735 4349 Eucharistia,
752 4307 778 4340 n.
795 4293 852 4350 561,
867 4306 893 4354 p.
910 4294 963 4340 106.
