3224 5044
300 549 337 602 86
788 549 832 598 DE
851 547 951 599 tussa

303 693 460 780 negative
480 691 646 780 permittit
660 713 720 756 seu
739 691 877 771 tolerat,
896 691 956 756 sed
975 692 1078 756 ctiam
1093 693 1235 777 positive
1249 693 1432 778 approbat,

301 813 471 894 quatenus
491 805 531 870 de
559 805 620 869 hac
647 805 862 891 eleemosyna
889 805 983 892 leges
1007 812 1042 870 ct
1072 805 1205 870 decreta
1235 805 1321 886 edit;
1343 805 1432 888 imo,

299 899 341 984 ¹ut
360 919 447 982 infra
467 919 613 1000 dicetur,
636 919 664 983 si
684 919 761 1006 quis
780 917 939 1000 sacerdos
959 920 1115 999 missam,
1136 942 1197 1007 pro
1218 942 1284 1007 qua
1303 921 1434 1008 recepit

298 1031 571 1120 eleemosynam,
588 1032 686 1097 alteri
710 1031 947 1098 celebrandam
967 1033 1175 1114 committat,
1190 1034 1295 1120 jubet
1316 1034 1433 1099 Eccle-

301 1146 352 1211 sia
378 1154 418 1212 ut
448 1153 554 1212 totam
589 1146 841 1233 eleemosynam
870 1147 946 1212 huic
975 1147 1072 1212 alteri
1106 1147 1273 1212 sacerdoti
1304 1148 1428 1212 tradat.

302 1261 427 1348 Atqui,
449 1268 488 1326 ut
507 1283 625 1325 omnes
644 1268 786 1342 norunt,
804 1261 972 1340 Ecclesia,
995 1262 1030 1325 in
1050 1284 1110 1326 sua
1135 1261 1314 1350 disciplina
1332 1285 1433 1348 yene-

303 1375 385 1458 rali,
407 1375 492 1439 nihil
513 1381 662 1440 statuere
681 1380 795 1462 potest
815 1373 905 1462 quod
925 1374 970 1438 sit
986 1374 1055 1460 juri
1074 1375 1220 1440 naturali
1239 1375 1295 1440 vel
1314 1376 1431 1440 divino

298 1488 521 1552 contrarium.
547 1525 592 1536 —
617 1487 674 1552 Ad
697 1487 786 1552 hunc
806 1511 906 1552 usum
927 1487 1155 1553 universalem
1182 1489 1342 1554 Ecclesiae
1357 1489 1431 1576 jam

301 1623 363 1665 suo
393 1606 544 1687 temporo
572 1598 765 1688 appellabat
793 1601 943 1682 Gerson,
970 1624 1031 1690 pro
1061 1601 1187 1666 tuenda
1214 1601 1432 1688 legitimitate

303 1712 403 1799 hujus
427 1713 608 1778 missarum
632 1697 862 1800 eleemosynae
881 1722 998 1782 contra
1018 1713 1268 1802 obloquentes:
1288 1743 1304 1775 «
1328 1715 1432 1780 Suffi-

298 1849 376 1892 ccre
403 1827 438 1890 in
458 1825 575 1914 primis
595 1825 712 1908 debet,
734 1827 777 1892 ad
798 1850 1002 1892 consensum
1029 1827 1129 1914 hujus
1155 1828 1327 1910 veritatis,
1350 1852 1432 1894 usus

232 1985 239 1996 ·
300 1942 406 2006 totius
425 1941 614 2006 communis
633 1941 806 2025 Ecclesia,
828 1942 887 2028 qui
907 1941 955 2006 sic
978 1939 1081 2006 habet
1105 1948 1139 2006 et
1160 1942 1296 2030 recipit,
1326 1945 1381 2008 cui
1401 1946 1432 2008 si

298 2057 382 2140 vspuis
401 2055 567 2138 detrahit,
588 2055 822 2140 imprudenter
840 2077 873 2120 se
893 2055 1048 2140 decipit¹.
1073 2082 1088 2114 »

345 2169 377 2232 2.
400 2167 484 2232 Jure
504 2169 655 2234 naturali
674 2177 706 2232 et
726 2170 849 2234 divino.
872 2209 916 2218 -
936 2169 1045 2232 Divus
1066 2167 1192 2233 Paulus
1209 2169 1275 2247 ait,
1299 2168 1312 2232 l
1333 2167 1428 2249 Con,

300 2282 380 2363 rx,l
397 2303 447 2366 sq.
463 2299 470 2346 :
491 2308 505 2340 a
524 2280 605 2355 Quis
622 2283 748 2346 militat
766 2284 837 2347 suis
855 2283 1031 2368 stipendiis
1048 2283 1226 2368 unquam?
1240 2283 1318 2367 quis
1329 2283 1431 2368 plan-

303 2402 352 2459 tat
368 2394 514 2478 vineam,
532 2395 617 2459 etde
631 2400 752 2480 [ructu
767 2397 843 2481 ejus
859 2419 925 2460 non
938 2397 1033 2461 edit?
1054 2395 1135 2471 Quis
1150 2397 1260 2481 pascit
1274 2419 1429 2481 propani,

298 2509 392 2572 etde
413 2507 629 2594 lacteyrepis
650 2533 715 2574 non
737 2511 918 2575 manducat
931 2511 946 2558 ⁹
1009 2510 1047 2574 Si
1071 2532 1130 2574 nos
1153 2511 1246 2574 vobis
1268 2510 1431 2594 spiritua-

302 2623 346 2687 lia
366 2623 621 2706 seminavimus,
645 2647 809 2710 maynum
828 2633 876 2688 est
890 2625 919 2688 si
941 2647 1000 2688 nos
1019 2623 1170 2688 carnalia
1190 2631 1299 2688 vestra
1322 2632 1431 2714 ,meta-

302 2737 443 2802 mus?...
470 2737 618 2802 Nescitis
638 2737 798 2824 quoniam
819 2737 934 2823 quiin
959 2737 1109 2802 sacrario
1129 2744 1332 2822 operantur,
1354 2760 1432 2823 quae

297 2851 341 2914 de
360 2852 509 2916 sacrario
523 2859 614 2930 sunt,
633 2851 749 2934 edunt,
768 2859 799 2916 et
814 2852 875 2936 qui
890 2852 993 2916 altari
1007 2852 1211 2934 deserviunt,
1228 2873 1306 2915 cnm
1326 2851 1433 2915 attari

295 2965 536 3048 participant.⁹
558 2966 611 3028 Ita
638 2973 670 3028 et
688 2965 855 3029 Dominus
879 2965 1049 3030 ordinauit
1076 2965 1115 3030 iis
1137 2966 1198 3050 qui
1216 2965 1431 3050 evanpelium

300 3079 522 3161 annuntiant,
553 3080 593 3142 de
619 3078 789 3164 evanpelio
816 3079 934 3144 uivere.
965 3105 981 3140 >r
1010 3079 1090 3142 Haec
1117 3085 1230 3142 autem
1259 3079 1431 3143 ordinatio

295 3191 467 3255 dominica
488 3191 666 3257 exhibetur
681 3193 714 3256 in
734 3191 785 3255 his
802 3191 929 3257 Christi
944 3191 1081 3256 Domini
1100 3191 1235 3256 verbis:
1256 3218 1272 3250 «
1297 3191 1432 3276 Dignus

298 3301 392 3366 enim
412 3311 464 3368 est
483 3306 655 3390 operarius
675 3305 748 3370 cibo
769 3329 891 3385 suo,...
910 3306 1064 3370 mercede
1084 3310 1183 3384 sua²;
1209 3331 1224 3364 n
1250 3303 1431 3392 inquibus

300 3413 414 3482 verbis
446 3417 557 3502 agitur
592 3419 633 3482 de
664 3419 825 3506 operariis
854 3419 1070 3506 evangelicis
1108 3418 1191 3496 Qua‘
1222 3419 1430 3506 caeteroquin

296 3530 414 3596 omnia
442 3530 544 3595 etiam
571 3532 648 3619 jure
679 3533 827 3597 naturali
859 3533 1046 3613 distantum
1072 3533 1149 3620 jure
1179 3533 1271 3598 enim
1299 3540 1429 3596 naturae

301 3669 401 3711 nemo
432 3651 567 3712 tenetur
597 3647 703 3732 gratis
734 3645 927 3711 incumbere
956 3669 1045 3711 curae
1075 3645 1230 3711 aliorum.
1261 3685 1305 3694 —
1330 3645 1429 3711 Unde

301 3763 414 3844 officio
440 3761 538 3845 praui
564 3759 823 3845 adstringuntur
848 3760 965 3825 fideles
992 3758 1206 3826 sustentandi
1233 3759 1426 3840 ministros,

297 3875 359 3960 -qui
378 3873 446 3938 illis
462 3874 649 3962 spiritualia
665 3881 843 3962 praestant;
860 3873 913 3938 cui
929 3875 1043 3959 officio
1058 3873 1209 3939 fidelium
1228 3896 1428 3960 correspon-

297 3987 358 4051 det
382 3987 415 4051 in
437 3987 601 4053 ministris
614 3989 678 4074 jus
702 3988 789 4052 hanc
809 3988 1091 4052 sustentationem
1119 3987 1330 4075 postulandi3
1349 3989 1428 4072 offi-

333 4189 340 4222 ¹
357 4189 456 4252 Opusc.
473 4191 511 4238 De
529 4151 716 4239 sollicitudine
736 4189 993 4248 ecclesiasticorum,
1011 4191 1107 4252 partic.
1128 4188 1191 4237 xlx
1208 4189 1309 4254 (Opera
1324 4187 1425 4246 omnia;

299 4270 560 4331 Antuerpiae‚1706,
578 4273 596 4318 t.
614 4285 644 4327 n,
659 4285 685 4332 p.
702 4273 771 4333 60³).
787 4295 817 4306 -
835 4269 874 4318 Ct.
894 4269 975 4318 ctiam
990 4270 1086 4332 partic.
1105 4268 1155 4328 Vl,
1172 4283 1198 4331 p.
1216 4273 1268 4316 599.

332 4347 342 4381 ²
357 4347 464 4405 arasth..
478 4365 506 4408 x,
524 4355 567 4408 10;
581 4375 609 4384 -
624 4347 699 4408 Luc.,
715 4365 743 4408 x,
761 4355 783 4398 7.
801 4377 828 4386 -
842 4349 882 4397 Cl.
900 4347 999 4407 lTim.,
1016 4365 1043 4408 v,
1061 4353 1097 4398 tu.
