3180 5024
288 477 341 534 288
591 481 635 530 DE
654 478 871 532 suucrlssnro
890 478 1113 532 SACRAMENTO

288 627 439 714 aliquam
463 624 586 706 basim,
608 631 647 688 ut
670 645 829 711 expresse
853 623 1043 712 prohibuit,
1065 629 1228 712 tanquam
1253 623 1412 706 abusum,

288 741 324 807 S.
348 739 416 806 llit.
440 737 580 825 Congu,
608 745 681 802 tum
704 737 739 802 in
763 738 894 802 decreto
917 739 1085 823 pertersit,
1107 739 1146 804 31
1174 739 1288 803 martii
1314 739 1414 820 1821,

290 852 333 918 ad
352 854 411 933 6¹;
433 859 506 916 tum
526 852 560 916 in
586 851 800 934 Tridentina‚
824 851 864 915 12
883 851 996 916 martii
1017 851 1121 934 1836,
1143 853 1185 917 ad
1207 855 1254 916 1³.

338 1064 433 1134 153.
453 1100 497 1112 -
520 1062 645 1149 Pyxis
665 1080 819 1130 sacram
838 1063 1130 1132 Eucharistism
1149 1064 1371 1132 continens.

338 1179 372 1243 l⁰
402 1177 589 1242 Necessitas
616 1177 769 1262 pyxidis.
802 1215 847 1224 —
876 1176 1138 1243 sanctissimum
1161 1177 1415 1243 Sacramentum

289 1293 455 1360 custodiri
475 1291 571 1356 debet
592 1291 625 1354 in
643 1291 773 1376 pyxide
792 1313 853 1355 seu
872 1291 1009 1356 ciborio.
1032 1292 1241 1358 -Constat
1264 1292 1322 1358 cit.
1344 1291 1413 1356 loco

293 1407 439 1473 ltitualis
455 1428 467 1472 .·
490 1433 505 1466 a
524 1403 702 1470 Particulae
717 1412 962 1470 consecrate...
981 1411 1221 1470 conserventur
1240 1407 1276 1470 in
1292 1406 1414 1492 pyxide

291 1545 334 1588 ex
354 1520 461 1586 solida
486 1518 686 1606 decentique
711 1519 868 1600 materia,
891 1541 997 1608 eaque
1016 1519 1159 1600 munda,
1182 1528 1216 1585 et
1239 1543 1301 1585 suo
1325 1541 1414 1608 oper

294 1635 369 1701 culo
385 1633 471 1698 bene
487 1633 617 1714 clausa,
635 1632 712 1697 albo
727 1633 803 1697 velo
819 1640 1017 1719 cooperta...
1039 1660 1055 1695 ι
1071 1633 1170 1700 Unde
1184 1635 1271 1722 (sine
1289 1633 1414 1699 indulto

291 1747 498 1838 apostolico,
527 1741 624 1835 cujus
655 1746 780 1814 dantur
808 1746 963 1836 quaedam
990 1747 1163 1836 exempla)
1196 1770 1263 1812 non
1298 1747 1416 1812 sufficit

295 1863 379 1930 illud
409 1861 578 1929 custodire
608 1861 643 1925 in
674 1861 821 1949 simplici
853 1861 1032 1947 Corporali
1062 1862 1275 1942 involutum,
1308 1884 1349 1926 ne
1377 1859 1416 1926 ad

295 1980 384 2044 hunc
411 1977 548 2066 quidem
580 1977 699 2056 finem,
727 1983 767 2040 ut
792 1982 1014 2040 amoveantur
1043 1975 1149 2058 iures,
1177 1983 1217 2041 ut
1247 1974 1415 2064 respondit

294 2093 329 2160 S.
352 2092 422 2158 Rit.
446 2089 586 2177 Congu,
609 2089 837 2172 militonem,
862 2089 902 2155 11
922 2089 988 2154 feb.
1013 2089 1151 2188 18813..

337 2206 375 2270 20
396 2203 540 2268 Materia
564 2204 716 2289 pyxidis.
740 2183 784 2252 4
803 2203 883 2267 Haec
908 2204 1049 2268 materia
1073 2226 1140 2268 non
1161 2203 1414 2284 determinatur,

294 2319 360 2384 nisi
380 2317 471 2404 quod
490 2317 612 2382 debeat
631 2339 704 2382 esse
723 2317 831 2382 solida
850 2312 884 2382 ct
903 2319 1041 2400 decens,·
1059 2325 1228 2398 attamen,
1250 2325 1290 2383 ut
1308 2338 1417 2406 perse

295 2439 405 2522 patet,
433 2431 581 2496 maxime
612 2431 774 2496 convenit
802 2438 841 2496 ut
871 2431 916 2498 sit
946 2454 1046 2497 aurea
1077 2432 1132 2496 vel
1162 2439 1340 2519 argentea,
1368 2430 1419 2496 rel

294 2547 417 2612 saltem
444 2544 573 2610 habens
599 2567 744 2633 cuppam
771 2545 863 2610 intus
889 2546 1088 2611 inauratam.
1116 2547 1252 2611 Vitrum
1277 2553 1419 2611 nonest

296 2661 444 2742 licitum,
467 2659 634 2748 quianon
655 2667 708 2724 est
731 2659 870 2724 materia
894 2667 948 2724 sat
966 2659 1092 2742 solida,
1115 2667 1148 2724 et
1172 2661 1208 2724 in
1232 2661 1296 2725 hoc
1321 2681 1420 2726 sensu

296 2773 472 2864 respondit
491 2773 525 2839 S.
548 2775 617 2839 Rit.
641 2773 781 2860 Congu,
804 2773 837 2838 in
856 2773 1082 2858 Mindonien.,
1105 2775 1147 2840 30
1162 2774 1234 2862 jan.
1259 2773 1344 2840 1881)
1354 2776 1376 2838 ⁴.

343 2892 378 2956 30
403 2889 595 2954 Benedictio
618 2889 770 2974 pyridis.
797 2926 840 2938 -
867 2887 962 2954 Licet
988 2887 1122 2953 Ritualc
1152 2889 1238 2953 nihil
1264 2888 1354 2954 dicat
1381 2886 1420 2951 de

296 3001 532 3070 benedictione
565 3001 718 3090 pyxidis,
753 3009 788 3067 et
817 3001 957 3089 proinde
995 3002 1084 3068 adsit
1120 3003 1350 3068 controversia
1382 2999 1420 3066 de

297 3117 501 3183 necessitate
529 3117 629 3181 istius
659 3115 903 3181 benedictionis
911 3117 934 3198 ⁵,
963 3123 1115 3182 attamen
1140 3115 1347 3204 probabilior
1373 3123 1422 3181 cst

295 3230 411 3318 opinio
444 3237 565 3295 tenens
599 3229 694 3294 illam
722 3231 841 3294 debere
873 3230 1033 3295 benedici.
1065 3269 1110 3280 -
1136 3231 1237 3296 Ratio
1268 3239 1321 3296 est
1346 3230 1420 3318 quia

297 3343 452 3408 Robrica
474 3343 622 3408 missalis
644 3343 747 3432 (part.
772 3343 819 3426 ll,
840 3345 939 3410 Ritus
964 3344 1173 3430 celebrandi,
1195 3345 1248 3410 tit.
1272 3366 1306 3427 ιι,
1328 3367 1362 3410 n.
1383 3343 1418 3430 3)

297 3457 436 3524 dicunt:
457 3484 472 3516 ι
491 3456 526 3522 Si
544 3456 737 3545 (sacerdos)
754 3465 805 3522 est
823 3466 1082 3525 consecraturus
1100 3459 1216 3548 plures
1237 3459 1417 3538 hostias...,

297 3573 387 3638 locat
405 3595 463 3638 eas
477 3593 578 3660 super
599 3571 772 3659 corporale
791 3579 869 3637 ante
888 3573 1045 3654 calicem,
1064 3580 1123 3639 aut
1141 3573 1175 3637 in
1192 3573 1306 3661 aliquo
1321 3572 1419 3638 calice

295 3693 509 3768 consecrato,
542 3685 598 3750 vel
633 3707 706 3750 vase
741 3687 868 3750 mundo
900 3687 1140 3770 benedicto...,·
1162 3714 1178 3750 ιι
1210 3687 1281 3752 haec
1311 3693 1418 3752 autem

331 3889 336 3921 ¹
356 3889 469 3938 Decreta
484 3886 653 3945 authentica,
671 3902 696 3935 n.
713 3892 787 3946 2613,
804 3891 822 3936 1.
840 3903 870 3947 ιι,
889 3903 915 3950 p.
933 3892 985 3936 191.

328 3969 339 4004 ²
357 3967 436 4028 ibid,
453 3983 479 4017 n.
496 3971 605 4027 2110,1.
622 3983 652 4027 ιι,
669 3983 696 4031 p.
712 3973 766 4016 262.

328 4051 339 4084 ³
355 4048 436 4106 thid,
452 4064 479 4098 n.
495 4053 564 4108 3521,
582 4053 601 4097 t.
617 4065 656 4108 ιιι,
673 4063 700 4111 p.
717 4054 770 4097 121.

244 4145 253 4159 ·
327 4131 337 4162 1
355 4127 436 4186 ibid„
452 4144 478 4177 n.
496 4133 570 4188 3511,
587 4131 606 4179 t.
623 4145 663 4190 ιιι,
679 4144 705 4191 p.
724 4132 776 4177 11-1.

329 4209 394 4258 101.
418 4209 445 4257 S.
470 4209 562 4272 Alph,
584 4209 631 4258 lib.
653 4209 703 4270 Vl,
726 4224 753 4258 n.
775 4213 833 4269 θεῆς
861 4237 890 4246 -
910 4211 1020 4272 Suarcr,
1040 4211 1073 4260 In
1088 4211 1163 4274 part.
1185 4209 1226 4258 111
1241 4210 1274 4259 D.
1301 4207 1414 4264 Thone,

294 4290 367 4352 disp.
382 4289 504 4348 Lxxxx,
519 4293 585 4339 sect.
602 4305 651 4347 vu,
670 4305 695 4337 n.
712 4294 739 4348 5;
751 4315 780 4326 -
796 4290 959 4340 Benedictus
974 4291 1046 4352 XIV,
1059 4291 1137 4350 last,
1152 4289 1228 4350 xxi,
1243 4305 1268 4338 ιι.
1286 4295 1324 4338 12.
