3246 5026
619 533 822 586 nocunnnm
1232 535 1280 587 371

154 698 231 760 pore
247 676 479 759 praestiteruut3
497 696 599 756 neque
618 675 649 736 in
665 677 795 737 dubium
810 677 880 757 quis
900 697 1048 738 revocare
1068 681 1198 760 poterit,
1216 700 1286 740 san-

154 781 241 836 ctum
259 773 455 846 Turribium,
477 773 580 832 virum
602 772 681 833 adeo
703 772 893 852 singularem
914 779 989 854 (pro
1012 774 1101 856 cujus
1123 775 1286 836 canoniza-

153 871 256 944 tione,
273 889 344 929 cum
360 869 554 929 Promotoris
575 869 646 929 fidei
666 889 780 930 munus
800 869 903 930 adhuc
922 870 954 929 in
974 871 1147 932 minoribus
1166 893 1287 952 gerere-

155 987 241 1040 mus,
256 965 426 1048 plurimum
442 963 557 1024 laboris
572 965 815 1046 impendimus),
833 965 975 1028 conterre
992 967 1177 1048 plurimum,
1195 977 1244 1042 ut,
1262 969 1286 1028 si

156 1062 326 1145 propositae
340 1061 385 1121 rei
400 1081 531 1121 examen
551 1061 766 1137 instituamus,
783 1061 868 1122 illius
883 1064 1037 1123 sententia
1056 1064 1185 1146 reliquis
1199 1072 1287 1126 antc-

157 1166 310 1240 pouatur;
338 1157 509 1218 laetandum
536 1156 653 1218 idcirco
680 1157 771 1218 nobis
793 1157 865 1238 jure
892 1159 1004 1218 merito
1032 1159 1190 1234 videmus,
1215 1162 1285 1241 qui,

156 1254 416 1316 commentarium
432 1253 479 1314 De
493 1251 653 1334 sacrificio
673 1253 777 1314 missae
791 1254 824 1314 in
843 1254 946 1314 lucem
961 1254 1169 1335 proferentes,
1183 1256 1288 1316 italico

157 1371 301 1412 sermone
323 1371 340 1410 a
363 1349 453 1410 nobis
476 1349 689 1430 conscriptum
712 1369 782 1410 cum
804 1349 1032 1410 Bononiensem
1053 1351 1165 1411 Sedem
1187 1351 1288 1412 admi-

157 1447 372 1521 nistraremuS,
385 1446 468 1507 idem
483 1445 575 1526 plane
590 1445 759 1519 atterimus,
773 1446 857 1527 quod
871 1467 928 1526 pro
944 1446 1128 1508 illustranda
1142 1447 1290 1529 praesenti

158 1543 332 1626 quaestione
349 1541 493 1624 superius
513 1541 691 1614 attulimus,
709 1549 739 1601 et
755 1541 934 1622 opinionem
950 1549 1088 1603 nostram
1103 1545 1290 1604 auctoritate

158 1637 412 1701 confirmavimus
446 1637 585 1720 ejusdem
619 1635 730 1718 synodi
768 1638 867 1698 sancti
901 1639 1052 1711 Turribii‚
1088 1639 1132 1700 uti
1170 1639 1291 1722 liquido

160 1743 284 1797 constat
299 1755 337 1794 ex
353 1741 461 1795 nostro
476 1733 713 1807 commentario,
730 1733 815 1814 quod
831 1735 1146 1796 commemoravimus
1162 1742 1237 1796 tom.
1254 1757 1289 1808 ιι,
1356 1762 1359 1768 ·

158 1839 239 1913 part.
263 1830 317 1905 IV,
335 1837 411 1891 sect.
429 1851 470 1904 ιι,
492 1851 523 1891 ιι.
541 1829 579 1890 38
595 1851 656 1910 sq.,
674 1829 758 1910 quod
779 1828 906 1909 quidem
926 1831 1026 1910 primo
1042 1829 1192 1892 Bononia
1210 1831 1291 1911 typis

159 1929 340 2006 evulgatum
361 1927 435 1999 luit,
457 1947 492 1986 ac
512 1946 612 2007 nuper
629 1925 725 1985 latine
751 1923 925 2004 redditum,
946 1947 982 1987 ac
1002 1925 1085 2008 typis
1105 1928 1290 2008 impressum

159 2023 296 2098 Patavii,
313 2023 415 2083 lucem
432 2021 589 2103 publicam
605 2041 712 2082 rursus
727 2021 858 2101 aspexit.

200 2119 291 2189 Quod
307 2119 332 2178 si
348 2117 483 2178 Limanse
504 2117 625 2200 syuodo
645 2117 705 2178 alia
725 2137 851 2198 quoque
871 2117 1003 2178 concilia
1024 2117 1153 2200 adjungi
1174 2117 1290 2192 velint,

159 2215 238 2276 illud
260 2216 292 2274 in
314 2214 451 2274 medium
474 2214 607 2296 proferri
627 2214 760 2294 poterit,
781 2213 866 2294 quod
886 2214 944 2274 sub
968 2214 1117 2275 Maur-itio
1139 2214 1292 2296 arehiepi-

160 2332 256 2393 scopo
279 2310 542 2390 Rothomagensi,
559 2331 642 2371 anno
659 2312 751 2385 1231,
773 2317 917 2370 coactum
940 2318 1002 2384 est,
1028 2310 1291 2392 quemadmodum

161 2409 275 2487 legitur
294 2407 325 2465 in
342 2405 534 2468 Collectiene
552 2405 643 2488 repia
663 2405 803 2466 maxima
823 2405 1047 2482 conciliorum,
1068 2407 1106 2466 ab
1129 2407 1291 2466 Harduino

160 2503 344 2585 compilata,
361 2510 438 2563 tom.
455 2523 510 2576 vn,
529 2523 600 2582 pag.
621 2504 699 2562 186:
716 2501 836 2561 Nullus
851 2500 966 2562 audeat
981 2501 1108 2563 missam
1126 2501 1176 2562 In's
1192 2502 1224 2562 in
1241 2501 1293 2562 die

160 2598 333 2676 celebrare,
350 2605 405 2660 aut
420 2619 491 2658 cum
507 2597 632 2679 duplici
646 2596 794 2674 introitu,
813 2595 877 2658 nisi
892 2597 925 2658 in
941 2598 1079 2659 humana
1096 2599 1290 2674 necessitate,

160 2704 235 2770 ete,
258 2702 288 2756 et
310 2695 383 2771 hoc,
408 2693 465 2754 uhi
486 2715 546 2753 reon
570 2699 615 2754 est
644 2692 708 2753 nisi
738 2713 818 2752 unsis
847 2692 992 2753 sacerdos
1000 2711 1013 2770 ,·
1034 2695 1183 2768 alterurn,
1207 2695 1291 2776 quod

161 2792 325 2866 Nemausi,
340 2811 422 2852 anno
437 2790 528 2863 1984,
541 2798 684 2851 coactum
700 2789 760 2849 suit
773 2809 844 2850 cum
857 2789 1011 2850 Martinus
1026 2789 1069 2848 lV
1079 2790 1291 2870 Apostolicam

161 2889 242 2950 hane
253 2888 365 2948 Sedem
381 2887 549 2960 obtineret,
563 2887 608 2947 uti
622 2893 708 2967 patet
723 2907 761 2946 ex
776 2885 962 2946 collectione
974 2885 1136 2946 Labbeana
1150 2894 1226 2946 tom.
1240 2907 1290 2959 xu,

161 3005 232 3066 pars
252 2989 280 3058 1,
295 3005 366 3066 pag.
384 2985 459 3044 1213
475 2999 481 3043 :
499 2981 536 3044 Si
550 3003 656 3043 omines
672 2980 865 3063 parochiani
879 2979 922 3042 nd
939 3001 1032 3042 unam
1050 2981 1177 3042 missam
1194 2981 1293 3044 simul

161 3103 222 3142 non
234 3080 361 3163 possint
376 3078 552 3156 coievenire,
568 3077 704 3160 eoquod
719 3077 750 3137 in
768 3075 901 3137 diversis
918 3076 994 3138 locis
1010 3077 1157 3139 trahitant
1172 3077 1292 3138 distan-

162 3175 247 3238 tibus
266 3175 309 3236 al)
329 3174 461 3236 ecelesia
481 3180 510 3235 et
526 3173 669 3250 remotis,
686 3173 768 3233 sicut
788 3179 834 3233 est
854 3173 885 3233 in
907 3173 1065 3234 montanis
1072 3221 1080 3250 ‚
1099 3194 1155 3235 nec
1169 3179 1243 3234 staret
1258 3173 1290 3234 in

160 3271 294 3333 ecclesia
307 3270 369 3332 duo
384 3269 572 3348 sacerdotes,
587 3277 627 3346 et,
644 3268 729 3330 dicta
739 3267 849 3350 prima
865 3267 971 3347 missa,
983 3269 1184 3351 postmodum
1197 3290 1291 3352 paro-

161 3367 271 3430 chiani
291 3365 449 3428 aeter-'entes
464 3367 628 3449 postulent
648 3365 777 3426 missam
797 3363 893 3426 aliam
916 3363 981 3426 sihi
995 3365 1075 3442 dici,
1086 3365 1206 3448 poterit
1226 3373 1292 3427 tum

161 3463 308 3527 sacerdos
333 3463 461 3524 nn'ssam
487 3462 585 3524 aliam
605 3461 778 3523 celebrare.
805 3461 922 3522 Tamen
944 3461 973 3521 si
995 3461 1026 3522 in
1045 3462 1153 3543 prima
1178 3462 1290 3535 missa,

159 3569 230 3643 post
245 3558 455 3641 receptionem
472 3557 621 3641 Corporis
637 3565 667 3618 et
681 3555 868 3638 Sanpuim's,
882 3555 1100 3637 professionem
1118 3557 1289 3637 acceperit,

162 3677 223 3717 non
240 3653 332 3716 delict
347 3652 518 3714 secundam
534 3653 663 3714 nsissam
679 3652 712 3711 in
723 3649 889 3733 praedictis
903 3650 1029 3712 casibus
1045 3651 1217 3713 celebrare.

202 3751 245 3811 Ea
268 3751 465 3831 potissimum
491 3751 585 3810 verba
611 3749 777 3828 diligenter
801 3747 959 3806 observari
982 3746 1119 3808 debent:
1145 3747 1210 3809 Uln'
1229 3771 1290 3810 non

161 3854 207 3909 est
227 3845 291 3907 nisi
311 3867 392 3907 unus
411 3833 578 3923 sacerdos,·
593 3867 650 3905 nce
670 3865 732 3905 non
752 3843 832 3904 alia:
855 3863 910 3902 nec
930 3847 1004 3902 sarrit
1024 3841 1054 3902 in
1077 3843 1209 3906 ecclesia
1229 3845 1292 3906 ‹liic›

161 3941 354 4022 sacerdotes,
372 3963 410 4003 ex
430 3943 545 4023 quibus
564 3943 645 4004 clare
661 3939 883 4023 perspicimus,
901 3959 963 3998 non
984 3939 1076 3998 licere
1097 3941 1248 4020 parocho,
1266 3943 1291 4001 si

161 4039 240 4102 alius
261 4038 406 4100 sacerdos
427 4047 541 4120 praesto
560 4039 616 4111 sit,
638 4037 701 4098 duo
722 4057 806 4097 sacra
830 4035 977 4116 perficere
999 4035 1109 4096 diebus
1132 4036 1235 4110 testie,
1258 4045 1293 4098 ut

162 4135 297 4218 populus
321 4135 423 4196 missae
446 4136 596 4197 sacrificio
618 4133 757 4205 intersit,
779 4132 845 4192 sive
869 4131 962 4191 missa
987 4131 1170 4192 celebranda
1196 4133 1236 4194 sit
1260 4135 1291 4193 in

162 4232 284 4294 duabus
304 4232 443 4292 eeclesiis
463 4232 545 4292 inter
565 4253 598 4292 se
618 4229 807 4292 distantibus
828 4234 863 4287 ut
885 4227 916 4286 in
939 4249 1032 4310 supra
1054 4229 1147 4289 citata
1172 4231 1294 4310 synodo

163 4329 307 4402 Limana,
325 4327 391 4388 sive
407 4349 468 4390 una
485 4335 606 4390 tantum
626 4329 665 4388 sit
681 4324 811 4388 ecclesia
832 4323 863 4382 in
876 4343 937 4405 qua
954 4325 1045 4386 missa
1061 4325 1246 4400 celebratur,
1263 4337 1295 4388 ct
