3224 5044
314 397 363 454 128
796 403 840 452 DE
859 401 958 453 Missa

311 543 473 632 pretium,
496 543 559 608 sub
579 543 697 609 eadem
715 569 832 634 paena,
849 554 888 612 ut
907 568 1025 633 supra,
1044 529 1166 634 deponi
1186 551 1289 634 atque
1310 547 1346 610 in
1367 547 1452 610 aliis

311 659 408 724 bonis
420 658 599 722 stabilibus
614 657 731 752 itidem
745 661 940 745 fructiferis
954 681 1032 725 cum
1046 661 1200 746 ejusdem
1220 661 1332 724 oneris
1348 683 1452 746 repe-

313 774 428 837 titione
454 781 556 858 atque
586 774 772 838 annexione
800 775 948 840 conuerti
975 775 1106 840 debeat.
1136 802 1151 835 ι)
1185 773 1235 838 lta
1266 773 1302 838 in
1322 774 1452 840 eodem

311 887 443 950 ‹lecrcto
462 883 499 968 5,
521 885 639 972 partic.
662 887 694 950 2.

356 999 389 1063 4⁰
410 999 515 1064 Casus
534 1000 686 1084 specialis
704 1000 929 1085 fundationis.
951 1001 1126 1065 -Locus
1149 1023 1218 1064 non
1243 1008 1297 1065 est
1319 1001 1452 1088 praedi-

312 1121 375 1179 etae
399 1112 468 1200 legi
491 1112 533 1177 de
557 1112 647 1177 dotis
671 1113 930 1195 investimento,
952 1114 1088 1202 quando
1113 1113 1267 1180 fundatio
1287 1115 1369 1180 talis
1393 1123 1452 1180 est

312 1235 351 1293 ut
369 1227 457 1292 bona
477 1249 545 1292 non
569 1225 747 1292 tradantur
768 1227 917 1292 eeclesiae
941 1251 1001 1291 seu
1025 1227 1199 1308 instituto,
1222 1228 1283 1293 sed
1308 1235 1450 1293 tantum

314 1341 441 1407 reditus
461 1340 491 1405 ei
511 1340 688 1405 solvantur
707 1339 749 1405 ab
769 1340 959 1406 haeredibus
979 1348 1038 1406 aut
1056 1341 1220 1429 legatario
1244 1365 1306 1430 per
1327 1341 1450 1428 singu-

314 1455 365 1518 los
398 1475 520 1533 annos3
553 1453 597 1534 si,
626 1477 660 1519 v.
687 1477 736 1540 g.,
762 1460 907 1520 testator
932 1454 1052 1542 jubeat
1082 1455 1124 1520 ab
1151 1455 1345 1520 haeredibus
1374 1455 1449 1520 suis

314 1567 400 1634 solvi
420 1567 602 1654 quotannis
626 1567 659 1632 in
685 1575 886 1656 perpetuum
910 1568 1060 1634 ecelesiae
1084 1577 1226 1634 eentum
1245 1569 1383 1635 libellas
1402 1571 1448 1634 ad

314 1681 534 1747 celebrandas
553 1681 692 1762 missaS‚
715 1689 749 1746 et
775 1683 927 1768 assignet
946 1681 1105 1780 fundum,
1128 1707 1169 1748 ex
1199 1683 1299 1771 eujus
1325 1683 1449 1750 rediti-

314 1797 378 1864 bus
398 1805 591 1862 assumatur
610 1795 753 1884 pecunia
772 1795 935 1862 solvenda
948 1802 968 1862 ¹.
990 1837 1035 1844 —
1051 1799 1190 1879 Verum,
1212 1798 1305 1862 utin
1325 1821 1450 1886 perpe-
1489 1781 1492 1786 ¹

315 1919 412 1976 tuum
444 1911 641 1976 consulatur
674 1903 938 1998 adimplemento
973 1911 1087 1976 oneris
1124 1911 1289 1999 suscepti,
1326 1935 1449 1977 curare

316 2023 416 2090 debet
444 2032 554 2089 rector
584 2023 732 2090 instituti
760 2031 819 2090 aut
849 2023 1018 2106 eeclesiae,
1041 2032 1096 2108 ut,
1118 2025 1252 2112 quoties
1276 2025 1358 2090 licet
1387 2047 1451 2113 per

315 2138 408 2224 leges
428 2137 561 2217 civilem
585 2161 685 2226 super
704 2138 803 2204 bonis
829 2138 1012 2226 assignatis
1031 2139 1101 2204 rite'
1120 2145 1314 2204 assumatur
1334 2140 1450 2225 hypo-

316 2250 466 2314 thecaria
487 2251 683 2336 inscriptio;
701 2251 737 2316 id
756 2251 894 2340 quidem
913 2253 1007 2317 nulla
1026 2251 1081 2316 lex
1102 2253 1263 2318 canonica
1282 2275 1449 2341 expressa

315 2363 483 2452 praecipit,
506 2363 566 2428 sed
585 2365 726 2453 requirit
745 2366 895 2454 prudens
918 2389 1031 2432 rerum
1051 2365 1317 2448 administrati03
1339 2366 1446 2449 unde,

315 2479 350 2542 in
378 2477 520 2543 casibus
537 2479 813 2567 particularibus,
844 2480 930 2545 hanc
958 2479 1214 2569 inscriptionem
1237 2481 1449 2568 hypotheca-

315 2592 400 2658 riam
420 2592 532 2658 solent
551 2593 769 2682 praescribere
788 2594 824 2660 S.
848 2593 972 2680 Congr.
995 2594 1139 2660 Consilii
1163 2603 1197 2661 et
1216 2593 1343 2682 Congr.
1367 2595 1449 2684 Epi-

316 2730 496 2795 scoporum
534 2715 568 2772 et
607 2707 844 2796 Regularium,
883 2716 922 2774 ut
953 2709 1052 2774 testis
1089 2715 1142 2772 est
1179 2707 1339 2790 Lucidi³;
1377 2709 1449 2775 imo

316 2821 349 2888 S.
373 2821 497 2909 Congr.
522 2823 583 2910 Ep.
607 2829 641 2887 et
660 2823 745 2910 Reg.
768 2821 998 2910 inscriptionis
1017 2822 1237 2888 omissionem
1253 2845 1321 2887 non
1339 2824 1449 2889 semel

207 3015 208 3019 Ἰ
315 2937 502 3004 rectoribus
521 2943 579 3002 aut
596 2937 752 3025 capitulis
771 2936 951 3025 imputavit
970 2937 1013 3002 ad
1033 2937 1305 3023 ne9ii9entiam³.

374 3271 392 3343 ἓ
411 3273 445 3328 2.
467 3273 520 3329 De
540 3271 688 3343 leuibus
708 3273 903 3330 eunonlels
923 3273 1026 3331 elroa
1045 3271 1387 3346 adimplementum

741 3367 1016 3426 lundationum.

360 3588 427 3658 ss.
448 3627 492 3636 -
511 3587 709 3674 obligatio
728 3587 860 3676 quoae
878 3589 987 3674 ipsas
1011 3588 1168 3656 missas.
1254 3560 1259 3571 '

362 3705 394 3766 l⁰
427 3703 476 3767 De
514 3701 720 3788 obligatione
753 3701 863 3789 quoad
895 3701 1075 3766 missarum
1113 3725 1312 3784 numerum,
1353 3701 1443 3768 idem

347 3889 355 3922 ¹
371 3888 438 3937 Vide
451 3889 540 3936 varios
553 3888 649 3936 modos
659 3887 758 3950 quibus
768 3887 796 3935 id
807 3887 864 3936 fleri
879 3888 978 3950 possit¹
993 3889 1064 3950 apud
1075 3887 1174 3936 Bened.
1190 3887 1262 3947 XIV,
1276 3888 1313 3937 Dc
1322 3889 1441 3952 synodo.

315 3968 362 4017 lib.
379 3967 457 4028 xm,
473 3983 496 4018 c.
512 3969 571 4028 ult,
588 3983 614 4016 n.
628 3971 723 4016 32-33.

346 4049 357 4081 ²
373 4047 410 4096 De
424 4045 593 4105 visitatione,
609 4049 671 4106 etc„
688 4062 711 4095 c.
726 4062 775 4106 vu,
792 4061 818 4095 n.
833 4051 875 4105 52,
893 4049 966 4106 1878,
980 4063 1006 4110 ρ.
1022 4049 1075 4095 llo.

347 4127 405 4174 ³V.
426 4143 461 4190 g„
486 4128 512 4175 in
533 4127 676 4186 Albunea„
698 4132 727 4174 ³0
745 4126 801 4190 jan.
827 4131 900 4186 1846;
922 4126 1047 4184 Rimul,
1073 4126 1257 4186 Collectanea,
1278 4127 1343 4176 edit.
1367 4131 1440 4184 1885,

316 4222 342 4269 p.
360 4211 413 4255 5³1.
