3174 5046
304 466 337 518 10
787 465 830 514 DE
850 463 947 516 iussn

303 608 498 689 obscuram,
525 608 572 672 ita
591 614 645 689 ut,
667 608 791 672 saltem
815 608 928 690 initio,
955 607 1013 672 alii
1037 608 1136 673 aliter
1159 631 1235 674 eam
1253 607 1437 673 intellexe-

303 723 418 788 rint¹t
453 749 468 780 ιι
497 721 586 785 Neve
605 721 787 806 patiantur
811 722 988 807 Episcopi,
1016 728 1110 786 etc...
1135 751 1149 786 ιι
1176 721 1265 808 Ergo
1294 722 1436 808 signum

304 843 356 900 est
366 834 548 899 concilium
561 835 711 899 noluisse
722 835 851 900 auterre
864 835 1017 900 totaliter
1027 835 1203 924 Episcopis
1211 842 1435 923 potestatem,

303 950 345 1014 de
371 971 436 1037 qua
465 948 608 1035 agimus.
631 947 744 1030 Unde,
774 948 865 1036 quod
890 949 1047 1036 Episcopi
1073 949 1205 1037 possint
1228 947 1435 1036 aliquando,

304 1087 346 1128 ex
370 1061 582 1150 gravioribus
602 1063 730 1141 causis,
753 1063 936 1128 concedere
960 1063 1135 1152 praefatam
1154 1061 1436 1140 celebrationem,

304 1199 373 1241 non
404 1177 561 1264 provenit
598 1183 732 1241 tantum
771 1201 813 1240 ex
850 1183 1018 1264 potestate
1051 1175 1270 1264 dispensandi
1307 1200 1326 1240 a
1355 1175 1437 1262 jure

304 1291 492 1372 communi,
510 1291 686 1378 Episcopis
705 1291 740 1354 in
761 1289 894 1356 casibus
909 1290 1110 1378 urgentibus
1129 1296 1355 1378 competente,
1372 1289 1437 1353 sed

305 1405 407 1470 etiam
427 1428 468 1470 ex
487 1405 594 1470 veteri
614 1427 729 1469 eorum
749 1411 935 1492 potestate,
957 1405 1080 1492 partim
1107 1411 1319 1484 remanente,
1342 1403 1436 1468 circa

305 1519 431 1584 dictam
450 1517 722 1584 celebrationem.

351 1633 387 1697 3⁰
406 1633 462 1696 Ex
480 1633 652 1697 communi
671 1633 849 1698 doctorum
870 1635 1156 1719 interpretatione.
1181 1633 1323 1698 Plurimi
1343 1633 1437 1696 enim

306 1746 462 1811 doctores
483 1753 604 1811 notant
627 1769 646 1810 a
673 1747 777 1812 sacris
801 1746 988 1812 canonibus
1006 1747 1207 1836 permissam
1230 1746 1334 1812 luisse
1354 1747 1439 1810 mis-

307 1883 420 1926 sarum
447 1859 708 1926 celebrationem
731 1863 764 1925 in
786 1885 863 1926 casu
886 1885 1015 1948 maone
1037 1861 1260 1943 necessitatia;
1286 1860 1333 1925 ita
1354 1883 1434 1925 can.

306 1976 354 2040 De
373 1976 605 2058 ecclesiarum,
623 1978 657 2056 l,
681 1998 755 2040 can.
773 1975 869 2040 Sicut
889 1999 953 2040 non
975 1977 1050 2060 alii,
1071 1975 1124 2056 ll,
1147 1974 1226 2040 dist.
1242 1975 1269 2056 l,
1286 1974 1337 2038 Ds
1356 1994 1437 2040 con-

307 2109 514 2168 sacraneus,
554 2087 751 2175 adduntque
779 2089 975 2154 .concilium
1009 2088 1246 2154 Tridentinum
1285 2087 1439 2152 noluisse

242 2221 247 2230 ·
307 2223 368 2266 suo
398 2201 533 2266 decreto
567 2200 748 2290 complecti
778 2203 867 2267 hunc
896 2227 1012 2268 casum
1041 2225 1173 2290 magnae.
1202 2201 1435 2280 necessitatis,

308 2315 368 2379 sed
384 2321 517 2380 tantum
534 2315 686 2380 locutum
707 2315 809 2381 luisse
830 2317 870 2381 de
895 2319 1067 2382 communi
1085 2341 1151 2383 usu
1170 2324 1203 2382 et
1221 2315 1324 2381 modo
1346 2313 1439 2380 cele-

307 2428 488 2511 brationis,
525 2436 619 2494 extra
650 2437 827 2517 urgentem
862 2432 1125 2510 necessitatem,
1163 2430 1254 2519 quod
1287 2429 1331 2496 ad
1362 2428 1439 2516 ejus

307 2543 411 2608 finem
430 2543 681 2631 assequendum
702 2543 901 2610 sufficiebat.
926 2544 976 2610 lta
996 2545 1131 2626 Suarez,
1153 2545 1227 2610 loeo
1248 2543 1336 2610 infra
1355 2543 1438 2608 alle-

308 2657 431 2746 gando.
462 2695 507 2708 -
537 2657 726 2722 Fatendum
759 2665 812 2723 est
840 2658 917 2722 illos
946 2681 1093 2724 canones
1117 2681 1190 2724 esse
1223 2657 1439 2747 apocryphos

310 2771 445 2860 (utpote
469 2795 487 2837 a
515 2771 803 2838 Pseudo-Isidoro
824 2771 1023 2860 confictos);
1051 2779 1214 2850 attamen,
1236 2772 1280 2837 ob
1299 2773 1438 2837 illorum

288 2937 291 2944 .
309 2887 528 2952 insertionem
552 2887 587 2951 in
607 2887 743 2952 decreto
767 2885 939 2969 Gratiani,
961 2894 996 2952 et
1019 2887 1208 2974 praesertim
1228 2909 1345 2952 eorum
1369 2884 1439 2949 dis-

308 2999 442 3088 ciplinae
461 2999 608 3086 vigenti,
635 2999 677 3066 de
701 3024 767 3087 qua
791 3023 909 3088 supra,
938 3001 1227 3080 convenientiam,
1253 3004 1437 3064 consuetu-

309 3112 388 3178 dine
412 3113 578 3200 paulatim
611 3113 839 3180 invaluerunt.
862 3153 906 3162 -
926 3113 1099 3202 Quidquid
1118 3113 1153 3178 id
1176 3121 1239 3195 est,
1261 3111 1438 3200 praelatam

310 3225 436 3292 decreti
459 3225 551 3294 Trid.
573 3226 888 3315 interpretationem
912 3227 1137 3293 communiter
1160 3228 1300 3292 tradunt
1323 3225 1437 3291 docto-

309 3362 375 3422 res,
393 3339 465 3405 sive
485 3339 680 3420 canonistas,
703 3363 736 3407 v.
758 3365 807 3429 g.,
830 3341 998 3424 Gatticus,
1014 3340 1219 3407 Benedictus
1237 3339 1328 3421 XIV,
1346 3338 1437 3404 Reis-

310 3453 486 3535 fenstuel²‚
509 3460 589 3536 etc,
621 3454 694 3520 sive
713 3455 881 3544 theologi,
911 3480 945 3522 v.
972 3477 1020 3542 g.,
1044 3453 1078 3520 S.
1105 3455 1268 3534 Thomas,
1295 3453 1433 3530 Suarez,

310 3567 345 3635 S.
367 3568 598 3658 Alphonsus³,
621 3574 701 3650 etc,
724 3577 758 3635 et
777 3569 914 3657 plurimi
934 3569 976 3634 ab
996 3569 1049 3633 his
1069 3577 1103 3635 et
1122 3568 1190 3633 illis
1209 3567 1358 3655 allegati.

344 3796 408 3844 ¹Cl.
429 3795 623 3857 Pellizzurium,
642 3794 767 3845 Manuale
784 3795 974 3860 Reyularium,
997 3797 1074 3845 tract.
1096 3795 1174 3854 Vlll,
1199 3810 1222 3843 c.
1247 3810 1277 3854 ιι,
1299 3807 1324 3842 ιι.
1344 3796 1436 3848 86-8Ί,

312 3875 447 3938 Lugduni,
463 3880 536 3936 1665,
554 3879 574 3924 t.
591 3891 622 3936 ιι,
639 3891 665 3940 p.
682 3880 736 3923 231.

343 3955 503 4016 1(ὶιιῐῑίοιιιι,
520 3956 569 4006 loc.
583 3955 640 4014 cit,
655 3971 678 4004 c.
695 3971 733 4016 ιιι,
755 3971 780 4003 ιι.
802 3960 860 4025 6-7,
875 3971 901 4018 p.
916 3960 974 4015 3983
988 3983 1015 3991 —
1028 3955 1190 4004 Benedictus
1208 3955 1280 4013 XIV,
1296 3955 1335 4004 De
1348 3953 1436 4002 sucri-

311 4033 373 4100 ficio
391 4034 491 4094 murae,
508 4039 574 4086 sect.
592 4053 622 4096 n,
639 4051 664 4084 n.
685 4035 959 4096 lr,Lovanii,1762‚
981 4037 1000 4084 t.
1022 4051 1052 4094 ιι,
1072 4051 1098 4098 p.
1119 4039 1162 4095 68;
1184 4063 1212 4072 -
1233 4034 1322 4094 nan,
1343 4035 1370 4082 in
1394 4035 1437 4084 tit.

311 4115 350 4164 De
364 4114 546 4166 celebratione
562 4115 719 4174 missarum,
735 4131 761 4165 ιι.
777 4121 817 4166 12.

343 4194 396 4244 ²5.
415 4195 520 4255 Tuom„
541 4211 604 4261 pars
623 4195 675 4256 ΙΙΙ,
696 4212 722 4258 q.
747 4211 856 4256 cxxxiii,
875 4197 925 4244 art.
944 4201 967 4254 3,
984 4195 1016 4243 ad
1036 4199 1063 4254 2;
1083 4221 1113 4230 -
1127 4194 1237 4252 Suarez,
1256 4194 1288 4242 In
1303 4195 1376 4257 part.
1396 4192 1438 4241 111

312 4275 344 4324 D.
364 4274 423 4333 Tu,
439 4276 509 4339 disp.
524 4277 645 4336 LXXXI,
663 4279 729 4326 sect.
746 4291 787 4336 ιιι,
804 4292 830 4325 ιι.
846 4282 872 4335 3;
890 4303 919 4312 -
935 4275 961 4324 S.
978 4275 1070 4338 Alplr.,
1086 4274 1133 4324 lib.
1151 4273 1201 4333 Vl,
1218 4289 1244 4322 ιι.
1260 4277 1314 4322 356,
