3224 5044
321 507 323 509 .
375 453 418 504 DE
437 451 610 503 MISSARUM
630 451 861 504 ELEEIIIOSYNIS
881 451 1093 504 MANUALIBUS
1261 451 1295 504 'li

168 596 253 658 modi
266 595 457 667 oblationes,
475 615 545 654 nam
561 614 666 655 earum
687 594 804 656 mentio
824 594 959 655 occurrit
978 601 1032 654 aut
1053 616 1126 656 usus
1146 597 1294 676 supponi-

168 709 220 762 tur
233 703 265 761 iu
282 701 438 782 plerisque
453 699 593 781 priorum
608 697 794 760 saeculorum
809 699 1032 762 monumentis,
1050 699 1101 760 Sic
1116 699 1148 764 S.
1167 699 1295 780 Cypria·

168 827 237 878 nus,
254 805 301 866 De
315 824 406 882 opere
420 811 450 864 et
464 802 678 884 eleemosyna,
694 825 741 877 xv,
757 803 916 866 invehitur
930 803 961 864 in
977 810 1151 864 matronam
1165 803 1294 864 divitem

167 932 237 993 quar
252 909 331 970 nihil
346 909 384 969 ad
401 908 498 970 altare
513 907 683 969 offerebat:
702 935 716 963 a
733 907 884 988 Locuples
902 916 933 969 et
947 909 1035 969 dives
1050 929 1098 984 es,
1115 917 1146 969 et
1161 909 1293 969 domini-

167 1036 239 1078 cum
254 1014 412 1076 celebrare
427 1021 457 1074 te
473 1013 588 1088 credis,
605 1033 675 1094 qum
691 1013 815 1074 Corban
831 1013 960 1074 omnino
981 1034 1044 1072 non
1063 1013 1206 1094 respicis,
1223 1034 1293 1096 quac

168 1119 201 1182 in
220 1118 416 1180 dominicum
435 1117 503 1178 sine
522 1115 682 1199 sacrificio
701 1116 802 1194 venis,
824 1138 894 1200 quie
911 1124 1039 1198 partem
1057 1116 1097 1178 de
1117 1117 1291 1200 sacrificio,

166 1223 253 1307 quod
268 1243 395 1306 pauper
414 1219 545 1298 obtulit,
566 1221 699 1283 samist
719 1247 734 1278 »
757 1221 802 1282 De
821 1221 869 1281 his
891 1221 1102 1282 oblationibus
1122 1222 1237 1302 legitur
1262 1223 1293 1282 in

168 1327 302 1390 Constr't.
320 1334 432 1410 apost,
451 1327 503 1388 lib.
521 1325 613 1399 VIII,
631 1347 658 1388 c.
681 1345 771 1386 xxxi:
795 1351 809 1384 a
830 1325 988 1409 Euloyias
1006 1347 1077 1409 quae
1098 1326 1130 1387 in'
1151 1326 1295 1410 mysticis

167 1431 384 1495 oblationibus
398 1438 582 1514 supersunt,
600 1431 738 1506 diaconi,
750 1443 793 1492 'ex
808 1431 970 1491 voluntate
987 1432 1133 1520 Episcopi
1152 1439 1206 1492 eut
1226 1453 1296 1513 prc-

168 1539 377 1620 sbyterorunr,
393 1537 583 1598 distribuant
600 1536 683 1598 clero
694 1535 723 1610 ²3
736 1561 750 1592 s
768 1536 850 1596 undo
865 1536 997 1614 eulogiae
1012 1548 1079 1610 (seu
1091 1535 1188 1618 panis
1200 1535 1294 1598 bene·

168 1642 291 1718 dictus)
306 1643 492 1704 dicebantur
513 1649 617 1722 partes
633 1640 843 1716 oblationum,
861 1662 930 1722 quae
955 1661 1017 1700 uon
1040 1641 1164 1702 fuerent
1187 1663 1296 1702 conse-

169 1755 274 1810 cratae.
308 1748 394 1808 Idem
423 1747 487 1807 sere
520 1745 596 1806 dicit
629 1745 835 1827 Theophilus,
869 1747 1033 1826 episcopus
1066 1746 1296 1806 Alexandrinus

169 1859 229 1928 (m.
251 1873 279 1914 a.
301 1852 398 1928 Ilm:
424 1877 438 1907 a
457 1851 531 1925 Qun
552 1850 585 1911 in
604 1848 761 1932 sacrificii
780 1849 935 1912 rationem
956 1849 1146 1930 offeruntur,
1165 1857 1239 1932 post
1260 1871 1295 1912 ea

169 1977 240 2041 quoe
265 1956 299 2018 in
323 1955 549 2038 mysteriorum
574 1977 665 2016 usum
689 1961 932 2032 consumuntur,
959 1955 1062 2016 clerici
1086 1955 1260 2017 dividant³.
1280 1981 1295 2012 s

171 2062 261 2124 Unde
285 2062 324 2122 de
346 2061 560 2142 Chrysantho‚
587 2061 733 2141 episcopo
759 2061 934 2122 Novatiano
953 2059 1051 2140 (circa
1071 2080 1188 2120 annum
1208 2060 1294 2134 400),

171 2167 279 2228 scribit
295 2169 438 2228 Socrates
453 2169 494 2226 ἔκ
509 2165 557 2224 Ab
570 2165 708 2226 ecclesiis
724 2164 801 2223 nihil
817 2165 952 2246 accepit,
970 2173 1084 2245 praeter
1103 2164 1182 2226 duos
1202 2185 1298 2246 penes

171 2271 382 2352 eulogiarum,
409 2271 539 2350 singulis
563 2269 673 2330 diebus
697 2269 893 2330 dominicis⁴.
913 2295 927 2326 n
944 2305 983 2314 —
999 2269 1048 2329 CI.
1074 2269 1167 2330 etiam
1192 2271 1296 2332 stetim

170 2377 351 2438 referendos
374 2396 509 2437 canones
529 2375 743 2456 apostolorum
764 2383 794 2434 et
814 2395 964 2434 canonem
989 2375 1114 2435 concilii
1134 2375 1296 2454 Carthagi-

172 2481 277 2542 nensis
293 2482 371 2542 111⁵.

212 2589 245 2646 3⁰
270 2584 407 2648 Materia
436 2583 645 2646 oblationum.
665 2619 706 2628 -
725 2582 810 2643 Nihil
835 2583 1020 2663 regulariter
1038 2583 1172 2644 debebat
1194 2586 1297 2644 ollerri

76 2705 79 2710 “
172 2699 286 2774 praeter
301 2690 459 2751 materiam
475 2688 629 2762 sacrificii,
646 2709 758 2769 nempe
768 2707 887 2769 panem
902 2695 933 2747 et
948 2687 1067 2750 vinum.
1086 2689 1165 2749 Cum
1180 2699 1295 2762 autem,

172 2797 265 2857 tertio
285 2796 334 2856 vel
349 2803 462 2876 quarto
481 2794 611 2866 saecuIO,
628 2793 724 2874 aliqui
740 2793 857 2852 vellent
876 2793 986 2852 offerre
1001 2793 1040 2853 ed
1056 2793 1168 2871 altare,
1185 2803 1300 2874 praeter

172 2902 333 2966 materiam
348 2899 505 2972 sacrificii,
523 2899 581 2960 alia
597 2898 767 2979 quaepiam‚
784 2897 844 2957 hoc
863 2895 1051 2978 prohibuere
1071 2917 1206 2957 canones
1225 2919 1299 2979 apo-

173 3007 327 3068 stolorum
342 3013 373 3066 et
389 3004 530 3066 concilia.
541 3003 592 3064 Sic
607 3003 651 3063 ait
664 3023 733 3063 can.
743 3003 873 3082 apost.3
888 3017 895 3064 :
912 3001 972 3060 «Si
987 3001 1057 3082 quis
1067 3002 1230 3082 episcopus
1245 3011 1315 3080 aut

173 3113 347 3194 presbyter,
362 3119 474 3192 proeter
488 3109 718 3170 ordinationem
732 3107 870 3181 Domini,
883 3127 975 3188 quam
991 3107 1030 3168 de
1046 3107 1197 3168 sacrificio
1212 3107 1299 3168 insti·

174 3216 246 3291 tuit,
262 3216 320 3276 alia
336 3215 506 3296 quaepiarn‚
523 3220 598 3294 puta
614 3219 667 3273 aut
684 3211 761 3284 mel,
777 3217 831 3272 aut
847 3211 905 3284 Iac,
922 3219 975 3270 aut
991 3231 1048 3292 pro
1063 3211 1137 3274 vino
1152 3212 1296 3286 siceram,

173 3329 228 3382 aut
246 3320 388 3381 coniecta
413 3319 571 3400 quiedam,
593 3325 646 3378 aut
668 3337 757 3390 aves,
779 3323 833 3376 aut
853 3315 955 3397 aliqua
975 3315 1119 3378 animalia
1139 3325 1193 3376 eut
1214 3318 1301 3397 legu-

174 3427 257 3488 mina
284 3445 378 3507 supra
404 3424 500 3486 altare
528 3422 713 3483 obtulerit...
742 3419 942 3501 deponiturfl,
966 3445 980 3476 »
1012 3421 1071 3481 Hic
1104 3441 1204 3484 canon
1236 3425 1299 3482 don

174 3532 288 3593 toleret
302 3531 406 3592 offerri
428 3529 467 3590 ad
489 3529 586 3590 altare
601 3505 732 3608 (prater
752 3547 862 3607 panem
880 3533 911 3586 et
926 3526 1066 3599 vinum),
1084 3526 1142 3586 nisi
1157 3525 1301 3607 frumen-

206 3777 215 3810 ¹
232 3775 335 3838 Mignc,
351 3775 380 3824 Ρ.
397 3774 435 3832 1,.,
452 3777 471 3822 t.
489 3786 525 3828 iv,
539 3771 590 3842 col.
605 3775 659 3818 612.

205 3855 336 3919 ¹ingne,
350 3854 380 3904 Ρ.
398 3854 438 3912 G„
454 3855 474 3902 t.
489 3867 510 3910 ι,
526 3850 577 3898 col.
595 3853 663 3898 1128.

206 3937 217 3972 ⁸
231 3934 374 3998 Theophili
387 3935 521 3990 Canones,
537 3943 596 3978 ean.
614 3933 640 3988 73
656 3929 760 3992 Mignc,
778 3929 806 3976 P.
824 3928 864 3985 0.,
881 3930 900 3976 t.
917 3942 976 3989 uxr,
991 3926 1043 3976 col.
1061 3929 1097 3976 n.

206 4015 261 4064 ⁴11.
277 4015 318 4073 Eu,
334 4015 380 4062 Iib.
400 4011 464 4072 VII,
480 4027 503 4060 c.
517 4023 565 4070 xn;
582 4009 685 4072 Mignc,
700 4007 730 4058 P.
748 4008 788 4066 G„
805 4011 824 4057 t.
839 4021 920 4066 uxvn,
934 4007 984 4056 col.
1000 4011 1053 4056 759.

207 4095 314 4144 ⁵Nullu
331 4099 421 4143 temen
443 4091 611 4142 oblationum
629 4089 732 4138 mentio
751 4088 782 4136 ut
802 4087 874 4150 apud
892 4087 986 4136 Patres
1005 4087 1184 4150 apostolicos,
1205 4103 1255 4138 nec
1274 4089 1300 4136 in

176 4174 308 4226 Doctrina
322 4171 464 4223 duodecim
478 4169 677 4235 apostolorum,
694 4183 743 4218 nec
755 4167 827 4231 apud
845 4167 871 4216 S.
888 4165 1035 4216 lustinum.

207 4255 334 4314 ⁸bruns,
351 4251 486 4310 Conciliat,
501 4254 520 4300 t.
536 4265 556 4310 r,
573 4263 598 4312 p.
616 4253 637 4298 1,
