3230 5034
289 487 323 538 60
770 489 814 539 DE
834 488 932 540 insse

289 639 356 713 tas,
379 633 483 719 eligat
509 632 686 697 «missam
710 655 785 720 queo
809 632 1013 720 respondeat
1041 631 1173 698 circiter
1203 632 1294 697 horae
1315 633 1414 720 juxte

288 743 439 810 rubricas
458 745 622 832 speciales
641 745 794 832 ejusdem
813 746 898 810 diei¹
923 774 949 812 n.
974 747 1018 810 Et
1041 745 1131 810 idem
1151 745 1245 810 dicas
1269 746 1309 811 de
1332 745 1412 810 duo-

288 857 352 922 bus
372 858 496 923 missis.
520 859 596 923 Non
615 867 730 925 tamen
749 859 816 924 dici
836 865 950 948 potest
970 859 1073 925 missa
1093 861 1230 945 private
1250 859 1284 924 in
1304 859 1414 924 media

287 979 403 1054 nocte,
421 979 459 1037 ut
479 996 580 1061 supra
600 972 728 1038 dictum
748 981 800 1038 est
821 974 868 1060 (n.
888 975 967 1058 23).

333 1086 366 1150 2.
399 1085 563 1152 Sacerdos
596 1109 664 1152 non
698 1093 811 1174 potest
843 1088 995 1152 eamdem
1027 1089 1163 1152 missam
1197 1087 1266 1169 bis,
1306 1088 1415 1152 multo

288 1199 401 1266 minus
433 1207 496 1282 ter,
532 1202 662 1287 legere3
693 1201 784 1289 quod
817 1201 996 1266 deducitur
1029 1223 1070 1266 ex
1103 1201 1186 1289 ipsis
1217 1201 1318 1288 hujus
1348 1200 1415 1264 diei
1445 1239 1452 1250 ·

289 1314 455 1380 Rubriois.
492 1355 535 1364 —
569 1315 641 1380 lmo
672 1315 743 1380 heec
775 1313 960 1403 prohibitio
993 1315 1204 1398 estenditur,
1231 1339 1251 1380 a
1279 1315 1314 1381 S.
1342 1314 1412 1380 Rit.

289 1428 428 1516 Congr.,
451 1429 493 1494 ed
513 1453 629 1494 casum
644 1451 712 1516 quo
731 1429 905 1511 sacerdos,
924 1429 967 1495 ob
982 1453 1135 1510 causam,
1148 1453 1181 1495 v.
1204 1455 1253 1518 g.,
1275 1429 1415 1494 inlirmi-

288 1543 384 1622 tatis,
406 1541 528 1607 fruitur
546 1542 678 1608 indulto
703 1543 837 1608 dicendi
862 1544 1002 1609 missam
1025 1545 1066 1609 de
1090 1545 1186 1608 beate
1210 1544 1324 1608 Maria
1349 1545 1416 1607 vir-

287 1657 380 1741 qine,
409 1655 456 1721 ita
482 1663 614 1721 utnon
647 1659 771 1744 possit,
802 1659 855 1724 die
885 1658 1084 1724 Nativitatis
1111 1657 1264 1739 Domini,
1294 1657 1415 1722 iterare

288 1768 441 1834 eamdem
466 1769 606 1834 missam
631 1772 672 1835 de
698 1773 814 1837 Beata.
846 1773 896 1838 lta
922 1771 956 1838 S.
985 1773 1055 1838 Rit.
1078 1769 1219 1857 Congu,
1246 1771 1281 1836 in
1300 1771 1415 1834 Barci-

288 1906 427 1968 nonen,
460 1887 497 1948 11
525 1907 596 1973 apr.
626 1884 727 1966 1818,
754 1886 797 1950 ad
821 1887 857 1966 1,
880 1893 914 1951 et
938 1885 972 1950 in
992 1885 1139 1968 Nolana,
1161 1884 1203 1950 28
1224 1907 1295 1972 apr.
1315 1883 1411 1964 1866,

288 1998 331 2064 ad
359 1997 413 2064 6².
442 1998 525 2079 Qum
558 2022 738 2086 responso,
776 1999 856 2064 licet
891 2021 960 2064 non
991 1999 1201 2064 constituant
1234 1998 1415 2062 Decretum

287 2112 460 2198 generale,
494 2136 556 2177 neo
587 2113 729 2210 proinde
763 2113 861 2178 facile
894 2111 1108 2178 extendenda
1137 2111 1206 2177 sint
1233 2112 1277 2176 ad
1304 2117 1414 2176 totum

288 2225 403 2290 orbem
411 2229 433 2306 ³,
451 2226 610 2290 videntur
625 2233 739 2291 tamen
755 2226 967 2292 observanda
983 2249 1057 2292 esse
1076 2225 1119 2291 ab
1135 2225 1292 2291 omnibus
1303 2248 1415 2312 'sacer-

287 2337 424 2404 dotibus
443 2339 502 2426 qui
520 2337 715 2426 hujusmodi
735 2341 867 2405 indulto
887 2347 1042 2422 utuntur,
1064 2341 1144 2428 quia
1164 2341 1296 2405 indulta
1317 2341 1415 2404 intet-

289 2453 349 2538 lipi
368 2452 490 2516 debent
509 2453 553 2517 ad
573 2463 719 2518 mentem
743 2455 962 2520 concedentis.

332 2565 363 2632 3.
387 2566 453 2630 Pro
474 2566 617 2654 siugulis
637 2567 751 2632 missis
774 2567 878 2656 recipi
898 2575 1011 2655 potest
1037 2569 1254 2656 eleemosyna
1274 2589 1334 2633 seu
1352 2567 1414 2632 sti—

286 2681 465 2770 pendium,
487 2682 567 2770 quia
582 2705 719 2771 nempe,
741 2689 779 2746 ut
798 2688 932 2746 constat
956 2705 1030 2748 can.
1055 2682 1281 2766 Consuluieti,
1303 2673 1414 2746 missae

286 2795 387 2884 hujus
407 2795 485 2862 festi
509 2795 709 2862 Nativitatis
729 2795 866 2860 Domini
889 2819 1030 2883 prorsus
1053 2796 1179 2861 relictae
1199 2802 1280 2861 sunt
1299 2796 1334 2860 in
1353 2817 1414 2860 sua

285 2911 426 2998 antiqua
445 2910 634 2999 disciplina.
658 2909 861 2975 Benedictus
885 2909 976 2991 XIV,
999 2917 1106 2976 const.
1131 2908 1229 2986 Quod
1248 2910 1411 2995 expensis,

287 3023 329 3089 26
349 3047 427 3110 aug.
451 3025 553 3106 1118,
570 3029 586 3108 ξ
605 3023 738 3088 Scimus
757 3023 859 3089 etiem
881 3022 989 3109 (Bult.
1011 3025 1150 3108 Bencd.‚
1172 3031 1196 3088 t.
1215 3045 1254 3106 ιι,
1272 3045 1305 3088 n.
1327 3025 1411 3110 ιιιι);

288 3175 329 3187 -
349 3137 495 3218 Giraldi,
519 3138 580 3203 loc.
603 3139 659 3202 cit.

331 3251 362 3314 4.
387 3251 425 3314 ln
445 3250 596 3314 ecclesiis
615 3249 882 3332 cathedralibus,
910 3250 1100 3338 collegiatis
1124 3257 1158 3316 et
1182 3248 1414 3316 conventuali-

286 3363 365 3443 bus,
387 3362 548 3428 celebrari
568 3365 688 3428 debent
707 3371 776 3430 tres
797 3365 908 3430 missae
929 3364 1184 3446 conventuales,
1205 3370 1244 3429 ut
1260 3369 1353 3451 patet
1373 3385 1414 3427 ex
1448 3355 1454 3366 ’

285 3477 444 3542 Rubricis
469 3478 628 3562 missalis,
655 3486 742 3566 part.
766 3477 798 3559 l,
820 3479 874 3544 tit.
901 3499 963 3560 xv,
990 3501 1025 3544 n.
1047 3479 1086 3559 l3
1110 3485 1143 3542 et
1168 3479 1203 3542 in
1224 3479 1288 3542 hoe
1311 3499 1414 3542 sensu

285 3591 461 3682 respondit
484 3591 518 3658 S.
546 3592 615 3662 Rit.
646 3591 787 3680 Congr,
814 3591 849 3657 in
874 3591 903 3656 Τ
903 3593 1074 3669 martina,
1103 3592 1145 3658 27
1172 3592 1285 3656 martii
1314 3589 1410 3670 1821,

318 3893 325 3926 ¹
343 3894 369 3944 S.
387 3896 440 3943 Rit.
457 3895 565 3958 Congu,
577 3895 603 3941 in
618 3909 671 3942 una
688 3892 800 3942 Ordinis
815 3891 1068 3952 carthusianorum,
1082 3899 1110 3941 19
1122 3893 1192 3957 junii
1209 3897 1270 3942 1876
1286 3893 1411 3956 (Decreta

286 3973 455 4032 authentica,
478 3989 504 4023 ιι.
527 3977 601 4032 3351,
623 3977 642 4022 1.
668 3988 708 4027 ιιι,
734 3989 760 4035 p.
786 3971 843 4036 53),
863 3973 937 4036 quod
960 3973 1131 4022 confirmavit
1156 3973 1182 4021 in
1202 3971 1410 4037 Catayuritana,

286 4059 316 4102 18
331 4055 399 4104 febr.
415 4059 488 4114 1892,
504 4055 538 4102 ad
553 4058 581 4102 21
599 4051 694 4116 (ibid,
711 4067 737 4102 ιι.
754 4055 859 4110 8761,1.
877 4069 917 4111 ιιι,
935 4068 961 4115 p.
978 4053 1043 4116 228).

317 4135 451 4184 ²Decreta
466 4133 636 4190 authentica,
653 4147 679 4180 n.
696 4137 768 4189 2862,
784 4135 858 4190 3116,
873 4135 892 4181 t.
909 4148 940 4193 ιι,
957 4147 983 4194 p.
1000 4139 1058 4190 299,
1075 4136 1128 4181 150.

317 4215 327 4249 ³
344 4214 438 4263 Stentc
453 4214 639 4263 controversie
651 4213 684 4262 dc
701 4213 725 4260 ri
741 4211 859 4275 generali
875 4227 1067 4273 responsorum
1084 4209 1299 4275 particularium
1313 4211 1339 4260 S.
1356 4210 1410 4259 nn.

285 4293 382 4356 Congr.
398 4292 511 4356 (Douix,
528 4293 566 4362 De
581 4291 658 4342 curie
675 4306 800 4353 romono,
817 4290 940 4350 Parisiis,
957 4296 1031 4350 1859,
1047 4307 1075 4354 p.
1089 4297 1129 4340 861
1140 4293 1157 4354 ).
