<?xml version="1.0" encoding="UTF-8"?>
<!DOCTYPE html PUBLIC "-//W3C//DTD XHTML 1.0 Transitional//EN"
    "http://www.w3.org/TR/xhtml1/DTD/xhtml1-transitional.dtd">
<html xmlns="http://www.w3.org/1999/xhtml" xml:lang="en" lang="en">
 <head>
  <title>
</title>
<meta http-equiv="Content-Type" content="text/html;charset=utf-8" />
  <meta name='ocr-system' content='tesseract 3.04.00' />
  <meta name='ocr-capabilities' content='ocr_page ocr_carea ocr_par ocr_line ocrx_word'/>
</head>
<body>
  <div class='ocr_page' id='page_1' title='image "./praelectionesde01manygoog_0168.png"; bbox 0 0 3224 5044; ppageno 0'>
   <div class='ocr_carea' id='block_1_1' title="bbox 598 483 1339 539">
    <p class='ocr_par' dir='ltr' id='par_1_1' title="bbox 598 483 1339 539">
     <span class='ocr_line' id='line_1_1' title="bbox 598 483 1339 539; baseline 0.008 -6"><span class='ocrx_word' id='word_1_1' title='bbox 598 484 641 534; x_wconf 86' lang='lat' dir='ltr'><strong>DE</strong></span> <span class='ocrx_word' id='word_1_2' title='bbox 660 483 769 534; x_wconf 84' lang='lat' dir='ltr'><strong>llllSSlS</strong></span> <span class='ocrx_word' id='word_1_3' title='bbox 789 484 952 536; x_wconf 74' lang='lat' dir='ltr'><strong>Fununrts</strong></span> <span class='ocrx_word' id='word_1_4' title='bbox 1289 487 1339 539; x_wconf 74' lang='lat'><strong>149</strong></span> 
     </span>
    </p>
   </div>
   <div class='ocr_carea' id='block_1_2' title="bbox 211 628 1339 1974">
    <p class='ocr_par' dir='ltr' id='par_1_2' title="bbox 213 628 1339 922">
     <span class='ocr_line' id='line_1_2' title="bbox 215 628 1339 720; baseline 0.005 -29"><span class='ocrx_word' id='word_1_5' title='bbox 215 628 395 712; x_wconf 80' lang='lat' dir='ltr'><strong>manualis,</strong></span> <span class='ocrx_word' id='word_1_6' title='bbox 420 650 489 693; x_wconf 90' lang='lat' dir='ltr'><strong>non</strong></span> <span class='ocrx_word' id='word_1_7' title='bbox 508 650 589 692; x_wconf 88' lang='lat' dir='ltr'><strong>vero</strong></span> <span class='ocrx_word' id='word_1_8' title='bbox 609 628 652 693; x_wconf 90' lang='lat' dir='ltr'><strong>ad</strong></span> <span class='ocrx_word' id='word_1_9' title='bbox 667 635 782 693; x_wconf 85' lang='lat' dir='ltr'><strong>taxam</strong></span> <span class='ocrx_word' id='word_1_10' title='bbox 798 637 970 714; x_wconf 75' lang='lat' dir='ltr'><strong>perpetuae</strong></span> <span class='ocrx_word' id='word_1_11' title='bbox 986 635 1080 717; x_wconf 67' lang='lat' dir='ltr'><strong>(quar</strong></span> <span class='ocrx_word' id='word_1_12' title='bbox 1096 631 1202 718; x_wconf 87' lang='lat' dir='ltr'><strong>major</strong></span> <span class='ocrx_word' id='word_1_13' title='bbox 1215 631 1339 720; x_wconf 89' lang='lat' dir='ltr'><strong>ubique</strong></span> 
     </span>
     <span class='ocr_line' id='line_1_3' title="bbox 214 741 1337 830; baseline 0.004 -24"><span class='ocrx_word' id='word_1_14' title='bbox 214 765 288 808; x_wconf 87' lang='lat' dir='ltr'><strong>esse</strong></span> <span class='ocrx_word' id='word_1_15' title='bbox 308 742 425 829; x_wconf 83' lang='lat' dir='ltr'><strong>solet),</strong></span> <span class='ocrx_word' id='word_1_16' title='bbox 449 747 571 830; x_wconf 80' lang='lat' dir='ltr'><strong>praeter</strong></span> <span class='ocrx_word' id='word_1_17' title='bbox 597 741 888 830; x_wconf 80' lang='lat' dir='ltr'><strong>partemfabricae</strong></span> <span class='ocrx_word' id='word_1_18' title='bbox 912 743 1168 829; x_wconf 80' lang='lat' dir='ltr'>assignandam,</span> <span class='ocrx_word' id='word_1_19' title='bbox 1195 753 1233 810; x_wconf 90' lang='lat' dir='ltr'><strong>ut</strong></span> <span class='ocrx_word' id='word_1_20' title='bbox 1252 745 1337 810; x_wconf 86' lang='lat' dir='ltr'><strong>intra</strong></span> 
     </span>
     <span class='ocr_line' id='line_1_4' title="bbox 213 856 355 922; baseline 0.014 -2"><span class='ocrx_word' id='word_1_21' title='bbox 213 856 355 922; x_wconf 88' lang='lat' dir='ltr'><strong>dicetur.</strong></span> 
     </span>
    </p>

    <p class='ocr_par' dir='ltr' id='par_1_3' title="bbox 211 971 1338 1974">
     <span class='ocr_line' id='line_1_5' title="bbox 257 971 1338 1060; baseline 0.005 -25"><span class='ocrx_word' id='word_1_22' title='bbox 257 971 291 1034; x_wconf 82' lang='lat'><strong>2⁰</strong></span> <span class='ocrx_word' id='word_1_23' title='bbox 316 971 495 1055; x_wconf 81' lang='lat' dir='ltr'><strong>Clausula,</strong></span> <span class='ocrx_word' id='word_1_24' title='bbox 521 971 584 1036; x_wconf 89' lang='lat' dir='ltr'><strong>hac</strong></span> <span class='ocrx_word' id='word_1_25' title='bbox 610 972 644 1036; x_wconf 92' lang='lat' dir='ltr'><strong>in</strong></span> <span class='ocrx_word' id='word_1_26' title='bbox 669 979 780 1060; x_wconf 84' lang='lat' dir='ltr'><strong>parte,</strong></span> <span class='ocrx_word' id='word_1_27' title='bbox 810 973 939 1038; x_wconf 85' lang='lat' dir='ltr'><strong>attendi</strong></span> <span class='ocrx_word' id='word_1_28' title='bbox 964 972 1091 1040; x_wconf 87' lang='lat' dir='ltr'><strong>debet:</strong></span> <span class='ocrx_word' id='word_1_29' title='bbox 1121 1001 1136 1034; x_wconf 78' lang='lat' dir='ltr'>a</span> <span class='ocrx_word' id='word_1_30' title='bbox 1167 975 1338 1049; x_wconf 79' lang='lat' dir='ltr'><strong>Quatenus</strong></span> 
     </span>
     <span class='ocr_line' id='line_1_6' title="bbox 213 1087 1338 1172; baseline 0.003 -25"><span class='ocrx_word' id='word_1_31' title='bbox 213 1092 366 1152; x_wconf 84' lang='lat' dir='ltr'><strong>tamen...</strong></span> <span class='ocrx_word' id='word_1_32' title='bbox 393 1093 520 1151; x_wconf 83' lang='lat' dir='ltr'><strong>constet</strong></span> <span class='ocrx_word' id='word_1_33' title='bbox 547 1087 641 1172; x_wconf 76' lang='lat' dir='ltr'><strong>quod</strong></span> <span class='ocrx_word' id='word_1_34' title='bbox 670 1109 736 1152; x_wconf 89' lang='lat' dir='ltr'><strong>non</strong></span> <span class='ocrx_word' id='word_1_35' title='bbox 766 1088 835 1151; x_wconf 83' lang='lat' dir='ltr'><strong>sint</strong></span> <span class='ocrx_word' id='word_1_36' title='bbox 861 1087 1019 1172; x_wconf 73' lang='lat' dir='ltr'><strong>obligati,</strong></span> <span class='ocrx_word' id='word_1_37' title='bbox 1048 1094 1112 1151; x_wconf 89' lang='lat' dir='ltr'><strong>etc.</strong></span> <span class='ocrx_word' id='word_1_38' title='bbox 1140 1114 1155 1147; x_wconf 79' lang='lat' dir='ltr'><strong>n</strong></span> <span class='ocrx_word' id='word_1_39' title='bbox 1187 1087 1223 1152; x_wconf 92' lang='lat' dir='ltr'><strong>Si</strong></span> <span class='ocrx_word' id='word_1_40' title='bbox 1247 1088 1338 1152; x_wconf 92' lang='lat' dir='ltr'><strong>enim</strong></span> 
     </span>
     <span class='ocr_line' id='line_1_7' title="bbox 212 1199 1338 1289; baseline 0.001 -26"><span class='ocrx_word' id='word_1_41' title='bbox 212 1199 351 1287; x_wconf 86' lang='lat' dir='ltr'><strong>quidam</strong></span> <span class='ocrx_word' id='word_1_42' title='bbox 370 1207 551 1266; x_wconf 87' lang='lat' dir='ltr'><strong>teneantur</strong></span> <span class='ocrx_word' id='word_1_43' title='bbox 569 1200 718 1288; x_wconf 84' lang='lat' dir='ltr'><strong>praebere</strong></span> <span class='ocrx_word' id='word_1_44' title='bbox 738 1202 882 1280; x_wconf 85' lang='lat' dir='ltr'><strong>reditus,</strong></span> <span class='ocrx_word' id='word_1_45' title='bbox 905 1201 947 1265; x_wconf 87' lang='lat' dir='ltr'><strong>ad</strong></span> <span class='ocrx_word' id='word_1_46' title='bbox 967 1200 1174 1289; x_wconf 89' lang='lat' dir='ltr'><strong>supplendos</strong></span> <span class='ocrx_word' id='word_1_47' title='bbox 1197 1200 1260 1266; x_wconf 91' lang='lat' dir='ltr'><strong>hos</strong></span> <span class='ocrx_word' id='word_1_48' title='bbox 1279 1203 1338 1288; x_wconf 92' lang='lat' dir='ltr'><strong>qui</strong></span> 
     </span>
     <span class='ocr_line' id='line_1_8' title="bbox 212 1313 1337 1403; baseline 0.004 -27"><span class='ocrx_word' id='word_1_49' title='bbox 212 1313 400 1400; x_wconf 85' lang='lat' dir='ltr'><strong>perierunt,</strong></span> <span class='ocrx_word' id='word_1_50' title='bbox 423 1314 610 1378; x_wconf 72' lang='lat' dir='ltr'><strong>reductioni</strong></span> <span class='ocrx_word' id='word_1_51' title='bbox 625 1315 720 1380; x_wconf 90' lang='lat' dir='ltr'><strong>locus</strong></span> <span class='ocrx_word' id='word_1_52' title='bbox 735 1338 804 1380; x_wconf 92' lang='lat' dir='ltr'><strong>non</strong></span> <span class='ocrx_word' id='word_1_53' title='bbox 820 1321 883 1381; x_wconf 87' lang='lat' dir='ltr'><strong>est.</strong></span> <span class='ocrx_word' id='word_1_54' title='bbox 901 1315 1107 1401; x_wconf 87' lang='lat' dir='ltr'><strong>Contingere</strong></span> <span class='ocrx_word' id='word_1_55' title='bbox 1123 1315 1213 1379; x_wconf 89' lang='lat' dir='ltr'><strong>enim</strong></span> <span class='ocrx_word' id='word_1_56' title='bbox 1225 1323 1337 1403; x_wconf 88' lang='lat' dir='ltr'><strong>potest</strong></span> 
     </span>
     <span class='ocr_line' id='line_1_9' title="bbox 211 1419 1337 1516; baseline 0.003 -25"><span class='ocrx_word' id='word_1_57' title='bbox 211 1434 249 1492; x_wconf 89' lang='lat' dir='ltr'><strong>ut</strong></span> <span class='ocrx_word' id='word_1_58' title='bbox 269 1427 397 1492; x_wconf 86' lang='lat' dir='ltr'><strong>reditus</strong></span> <span class='ocrx_word' id='word_1_59' title='bbox 417 1427 587 1494; x_wconf 77' lang='lat' dir='ltr'><strong>imminuti</strong></span> <span class='ocrx_word' id='word_1_60' title='bbox 608 1419 733 1495; x_wconf 83' lang='lat' dir='ltr'><strong>luerint</strong></span> <span class='ocrx_word' id='word_1_61' title='bbox 752 1431 851 1516; x_wconf 85' lang='lat' dir='ltr'><strong>culpa</strong></span> <span class='ocrx_word' id='word_1_62' title='bbox 866 1437 1036 1495; x_wconf 87' lang='lat' dir='ltr'><strong>rectorum</strong></span> <span class='ocrx_word' id='word_1_63' title='bbox 1052 1429 1106 1492; x_wconf 88' lang='lat' dir='ltr'><strong>vel</strong></span> <span class='ocrx_word' id='word_1_64' title='bbox 1120 1429 1337 1496; x_wconf 76' lang='lat' dir='ltr'><strong>administre-</strong></span> 
     </span>
     <span class='ocr_line' id='line_1_10' title="bbox 213 1543 1337 1632; baseline 0.003 -28"><span class='ocrx_word' id='word_1_65' title='bbox 213 1550 342 1626; x_wconf 87' lang='lat' dir='ltr'><strong>torum,</strong></span> <span class='ocrx_word' id='word_1_66' title='bbox 365 1549 400 1607; x_wconf 90' lang='lat' dir='ltr'><strong>et</strong></span> <span class='ocrx_word' id='word_1_67' title='bbox 423 1567 466 1608; x_wconf 85' lang='lat' dir='ltr'><strong>ex</strong></span> <span class='ocrx_word' id='word_1_68' title='bbox 490 1543 552 1608; x_wconf 84' lang='lat' dir='ltr'><strong>hac</strong></span> <span class='ocrx_word' id='word_1_69' title='bbox 576 1544 675 1632; x_wconf 90' lang='lat' dir='ltr'><strong>culpa</strong></span> <span class='ocrx_word' id='word_1_70' title='bbox 700 1544 826 1608; x_wconf 89' lang='lat' dir='ltr'><strong>oriatur</strong></span> <span class='ocrx_word' id='word_1_71' title='bbox 853 1543 1016 1630; x_wconf 77' lang='lat' dir='ltr'><strong>obligatio</strong></span> <span class='ocrx_word' id='word_1_72' title='bbox 1037 1544 1229 1632; x_wconf 91' lang='lat' dir='ltr'><strong>supplendi.</strong></span> <span class='ocrx_word' id='word_1_73' title='bbox 1253 1544 1337 1610; x_wconf 90' lang='lat' dir='ltr'><strong>ltem</strong></span> 
     </span>
     <span class='ocr_line' id='line_1_11' title="bbox 211 1655 1338 1746; baseline 0.003 -27"><span class='ocrx_word' id='word_1_74' title='bbox 211 1655 407 1742; x_wconf 88' lang='lat' dir='ltr'><strong>contingere</strong></span> <span class='ocrx_word' id='word_1_75' title='bbox 428 1664 542 1744; x_wconf 89' lang='lat' dir='ltr'><strong>potest</strong></span> <span class='ocrx_word' id='word_1_76' title='bbox 568 1657 680 1746; x_wconf 69' lang='lat' dir='ltr'><strong>(quod</strong></span> <span class='ocrx_word' id='word_1_77' title='bbox 709 1657 790 1722; x_wconf 93' lang='lat' dir='ltr'><strong>olim</strong></span> <span class='ocrx_word' id='word_1_78' title='bbox 814 1681 928 1723; x_wconf 84' lang='lat' dir='ltr'><strong>rarum</strong></span> <span class='ocrx_word' id='word_1_79' title='bbox 953 1680 1021 1722; x_wconf 93' lang='lat' dir='ltr'><strong>non</strong></span> <span class='ocrx_word' id='word_1_80' title='bbox 1041 1660 1145 1746; x_wconf 88' lang='lat' dir='ltr'><strong>erat),</strong></span> <span class='ocrx_word' id='word_1_81' title='bbox 1168 1665 1207 1724; x_wconf 89' lang='lat' dir='ltr'><strong>ut</strong></span> <span class='ocrx_word' id='word_1_82' title='bbox 1231 1659 1338 1723; x_wconf 72' lang='lat' dir='ltr'><strong>haeres</strong></span> 
     </span>
     <span class='ocr_line' id='line_1_12' title="bbox 211 1771 1338 1859; baseline 0.003 -26"><span class='ocrx_word' id='word_1_83' title='bbox 211 1775 366 1834; x_wconf 83' lang='lat' dir='ltr'><strong>teneatur</strong></span> <span class='ocrx_word' id='word_1_84' title='bbox 405 1771 574 1859; x_wconf 90' lang='lat' dir='ltr'><strong>supplere.</strong></span> <span class='ocrx_word' id='word_1_85' title='bbox 618 1772 774 1836; x_wconf 85' lang='lat' dir='ltr'><strong>Testator</strong></span> <span class='ocrx_word' id='word_1_86' title='bbox 811 1773 900 1837; x_wconf 90' lang='lat' dir='ltr'><strong>enim</strong></span> <span class='ocrx_word' id='word_1_87' title='bbox 939 1779 1050 1859; x_wconf 89' lang='lat' dir='ltr'><strong>potest</strong></span> <span class='ocrx_word' id='word_1_88' title='bbox 1081 1772 1219 1859; x_wconf 91' lang='lat' dir='ltr'><strong>alligare</strong></span> <span class='ocrx_word' id='word_1_89' title='bbox 1252 1795 1338 1836; x_wconf 91' lang='lat' dir='ltr'><strong>onus</strong></span> 
     </span>
     <span class='ocr_line' id='line_1_13' title="bbox 211 1882 1337 1974; baseline 0.002 -28"><span class='ocrx_word' id='word_1_90' title='bbox 211 1882 392 1949; x_wconf 88' lang='lat' dir='ltr'><strong>missarum</strong></span> <span class='ocrx_word' id='word_1_91' title='bbox 417 1884 517 1950; x_wconf 89' lang='lat' dir='ltr'><strong>alicui</strong></span> <span class='ocrx_word' id='word_1_92' title='bbox 546 1884 668 1966; x_wconf 86' lang='lat' dir='ltr'><strong>tundo,</strong></span> <span class='ocrx_word' id='word_1_93' title='bbox 690 1885 748 1973; x_wconf 91' lang='lat' dir='ltr'><strong>qui</strong></span> <span class='ocrx_word' id='word_1_94' title='bbox 772 1893 944 1950; x_wconf 87' lang='lat' dir='ltr'><strong>remaneat</strong></span> <span class='ocrx_word' id='word_1_95' title='bbox 968 1908 1073 1974; x_wconf 88' lang='lat' dir='ltr'><strong>penes</strong></span> <span class='ocrx_word' id='word_1_96' title='bbox 1097 1886 1282 1964; x_wconf 71' lang='lat' dir='ltr'><strong>haeredem,</strong></span> <span class='ocrx_word' id='word_1_97' title='bbox 1304 1890 1337 1948; x_wconf 85' lang='lat' dir='ltr'><strong>ct</strong></span> 
     </span>
    </p>
   </div>
   <div class='ocr_carea' id='block_1_3' title="bbox 211 1997 1338 2087">
    <p class='ocr_par' dir='ltr' id='par_1_4' title="bbox 211 1997 1338 2087">
     <span class='ocr_line' id='line_1_14' title="bbox 211 1997 1338 2087; baseline 0 -25"><span class='ocrx_word' id='word_1_98' title='bbox 211 2019 253 2062; x_wconf 82' lang='lat' dir='ltr'><strong>ex</strong></span> <span class='ocrx_word' id='word_1_99' title='bbox 286 1999 383 2087; x_wconf 88' lang='lat' dir='ltr'><strong>eujus</strong></span> <span class='ocrx_word' id='word_1_100' title='bbox 416 1997 581 2064; x_wconf 79' lang='lat' dir='ltr'><strong>reditibus</strong></span> <span class='ocrx_word' id='word_1_101' title='bbox 613 2000 832 2087; x_wconf 87' lang='lat' dir='ltr'><strong>provideatur</strong></span> <span class='ocrx_word' id='word_1_102' title='bbox 860 2000 953 2064; x_wconf 88' lang='lat' dir='ltr'><strong>oneri</strong></span> <span class='ocrx_word' id='word_1_103' title='bbox 983 2000 1176 2066; x_wconf 88' lang='lat' dir='ltr'><strong>missarum.</strong></span> <span class='ocrx_word' id='word_1_104' title='bbox 1211 1999 1338 2062; x_wconf 88' lang='lat' dir='ltr'><strong>Verum</strong></span> 
     </span>
    </p>
   </div>
   <div class='ocr_carea' id='block_1_4' title="bbox 207 2112 1337 4258">
    <p class='ocr_par' dir='ltr' id='par_1_5' title="bbox 207 2112 1337 4258">
     <span class='ocr_line' id='line_1_15' title="bbox 212 2112 1334 2202; baseline -0.002 -24"><span class='ocrx_word' id='word_1_105' title='bbox 212 2112 392 2201; x_wconf 83' lang='lat' dir='ltr'><strong>dupliciter</strong></span> <span class='ocrx_word' id='word_1_106' title='bbox 410 2112 582 2200; x_wconf 86' lang='lat' dir='ltr'><strong>designari</strong></span> <span class='ocrx_word' id='word_1_107' title='bbox 601 2121 715 2202; x_wconf 89' lang='lat' dir='ltr'><strong>potest</strong></span> <span class='ocrx_word' id='word_1_108' title='bbox 735 2115 789 2180; x_wconf 89' lang='lat' dir='ltr'><strong>hic</strong></span> <span class='ocrx_word' id='word_1_109' title='bbox 809 2113 947 2194; x_wconf 80' lang='lat' dir='ltr'><strong>fundus,</strong></span> <span class='ocrx_word' id='word_1_110' title='bbox 970 2137 1091 2201; x_wconf 88' lang='lat' dir='ltr'><strong>nempe</strong></span> <span class='ocrx_word' id='word_1_111' title='bbox 1108 2113 1162 2178; x_wconf 89' lang='lat' dir='ltr'><strong>vel</strong></span> <span class='ocrx_word' id='word_1_112' title='bbox 1180 2114 1334 2196; x_wconf 74' lang='lat' dir='ltr'><strong>terentiae,</strong></span> 
     </span>
     <span class='ocr_line' id='line_1_16' title="bbox 211 2227 1337 2314; baseline 0.001 -23"><span class='ocrx_word' id='word_1_113' title='bbox 211 2227 266 2291; x_wconf 88' lang='lat' dir='ltr'><strong>vel</strong></span> <span class='ocrx_word' id='word_1_114' title='bbox 285 2228 571 2295; x_wconf 82' lang='lat' dir='ltr'><strong>demonstrative:</strong></span> <span class='ocrx_word' id='word_1_115' title='bbox 593 2231 748 2312; x_wconf 73' lang='lat' dir='ltr'><strong>tentative,</strong></span> <span class='ocrx_word' id='word_1_116' title='bbox 771 2229 800 2294; x_wconf 93' lang='lat' dir='ltr'><strong>si</strong></span> <span class='ocrx_word' id='word_1_117' title='bbox 820 2229 913 2294; x_wconf 93' lang='lat' dir='ltr'><strong>solus</strong></span> <span class='ocrx_word' id='word_1_118' title='bbox 938 2236 971 2294; x_wconf 90' lang='lat' dir='ltr'><strong>et</strong></span> <span class='ocrx_word' id='word_1_119' title='bbox 995 2229 1159 2294; x_wconf 72' lang='lat' dir='ltr'><strong>exclusive</strong></span> <span class='ocrx_word' id='word_1_120' title='bbox 1183 2227 1337 2314; x_wconf 90' lang='lat' dir='ltr'><strong>designe-</strong></span> 
     </span>
     <span class='ocr_line' id='line_1_17' title="bbox 210 2341 1334 2431; baseline -0.003 -22"><span class='ocrx_word' id='word_1_121' title='bbox 210 2349 266 2408; x_wconf 86' lang='lat' dir='ltr'><strong>tur</strong></span> <span class='ocrx_word' id='word_1_122' title='bbox 285 2341 327 2406; x_wconf 90' lang='lat' dir='ltr'><strong>ad</strong></span> <span class='ocrx_word' id='word_1_123' title='bbox 344 2341 524 2406; x_wconf 84' lang='lat' dir='ltr'><strong>solvendas</strong></span> <span class='ocrx_word' id='word_1_124' title='bbox 540 2366 706 2431; x_wconf 86' lang='lat' dir='ltr'><strong>expensas</strong></span> <span class='ocrx_word' id='word_1_125' title='bbox 722 2343 834 2407; x_wconf 89' lang='lat' dir='ltr'><strong>oneris</strong></span> <span class='ocrx_word' id='word_1_126' title='bbox 850 2343 1045 2424; x_wconf 89' lang='lat' dir='ltr'><strong>missarum;</strong></span> <span class='ocrx_word' id='word_1_127' title='bbox 1063 2343 1334 2424; x_wconf 79' lang='lat' dir='ltr'><strong>demonstrative,</strong></span> 
     </span>
     <span class='ocr_line' id='line_1_18' title="bbox 210 2455 1337 2546; baseline -0.001 -25"><span class='ocrx_word' id='word_1_128' title='bbox 210 2455 239 2521; x_wconf 89' lang='lat' dir='ltr'><strong>si</strong></span> <span class='ocrx_word' id='word_1_129' title='bbox 263 2463 398 2522; x_wconf 89' lang='lat' dir='ltr'><strong>tantum</strong></span> <span class='ocrx_word' id='word_1_130' title='bbox 420 2479 495 2542; x_wconf 81' lang='lat' dir='ltr'><strong>prae</strong></span> <span class='ocrx_word' id='word_1_131' title='bbox 527 2457 655 2522; x_wconf 77' lang='lat' dir='ltr'><strong>caeteris</strong></span> <span class='ocrx_word' id='word_1_132' title='bbox 681 2459 801 2543; x_wconf 83' lang='lat' dir='ltr'><strong>fundis</strong></span> <span class='ocrx_word' id='word_1_133' title='bbox 821 2458 1034 2546; x_wconf 84' lang='lat' dir='ltr'><strong>designetur,</strong></span> <span class='ocrx_word' id='word_1_134' title='bbox 1052 2464 1086 2522; x_wconf 90' lang='lat' dir='ltr'><strong>et</strong></span> <span class='ocrx_word' id='word_1_135' title='bbox 1105 2457 1245 2546; x_wconf 90' lang='lat' dir='ltr'><strong>proinde</strong></span> <span class='ocrx_word' id='word_1_136' title='bbox 1269 2479 1337 2520; x_wconf 93' lang='lat' dir='ltr'><strong>non</strong></span> 
     </span>
     <span class='ocr_line' id='line_1_19' title="bbox 210 2569 1337 2660; baseline -0.001 -25"><span class='ocrx_word' id='word_1_137' title='bbox 210 2570 396 2636; x_wconf 83' lang='lat' dir='ltr'><strong>exclusive.</strong></span> <span class='ocrx_word' id='word_1_138' title='bbox 419 2569 454 2636; x_wconf 92' lang='lat' dir='ltr'><strong>Si</strong></span> <span class='ocrx_word' id='word_1_139' title='bbox 473 2571 598 2637; x_wconf 89' lang='lat' dir='ltr'><strong>fundus</strong></span> <span class='ocrx_word' id='word_1_140' title='bbox 620 2575 765 2637; x_wconf 82' lang='lat' dir='ltr'><strong>taeativc</strong></span> <span class='ocrx_word' id='word_1_141' title='bbox 785 2572 994 2660; x_wconf 85' lang='lat' dir='ltr'><strong>designetur,</strong></span> <span class='ocrx_word' id='word_1_142' title='bbox 1017 2573 1140 2655; x_wconf 65' lang='lat' dir='ltr'><strong>hares,</strong></span> <span class='ocrx_word' id='word_1_143' title='bbox 1162 2571 1337 2636; x_wconf 87' lang='lat' dir='ltr'><strong>exhaustis</strong></span> 
     </span>
     <span class='ocr_line' id='line_1_20' title="bbox 209 2683 1336 2774; baseline -0.001 -25"><span class='ocrx_word' id='word_1_144' title='bbox 209 2683 374 2749; x_wconf 89' lang='lat' dir='ltr'><strong>reditibus</strong></span> <span class='ocrx_word' id='word_1_145' title='bbox 392 2685 494 2773; x_wconf 90' lang='lat' dir='ltr'><strong>hujus</strong></span> <span class='ocrx_word' id='word_1_146' title='bbox 514 2684 621 2766; x_wconf 85' lang='lat' dir='ltr'><strong>fundi,</strong></span> <span class='ocrx_word' id='word_1_147' title='bbox 644 2686 688 2751; x_wconf 87' lang='lat' dir='ltr'><strong>ad</strong></span> <span class='ocrx_word' id='word_1_148' title='bbox 706 2686 791 2750; x_wconf 94' lang='lat' dir='ltr'><strong>nihil</strong></span> <span class='ocrx_word' id='word_1_149' title='bbox 811 2686 958 2774; x_wconf 87' lang='lat' dir='ltr'><strong>amplius</strong></span> <span class='ocrx_word' id='word_1_150' title='bbox 977 2691 1128 2765; x_wconf 60' lang='lat' dir='ltr'><strong>tanetum</strong></span> <span class='ocrx_word' id='word_1_151' title='bbox 1152 2685 1180 2748; x_wconf 93' lang='lat' dir='ltr'><strong>si</strong></span> <span class='ocrx_word' id='word_1_152' title='bbox 1199 2685 1336 2748; x_wconf 87' lang='lat' dir='ltr'><strong>demon-</strong></span> 
     </span>
     <span class='ocr_line' id='line_1_21' title="bbox 208 2798 1337 2889; baseline -0.002 -25"><span class='ocrx_word' id='word_1_153' title='bbox 208 2801 363 2883; x_wconf 83' lang='lat' dir='ltr'><strong>strative,</strong></span> <span class='ocrx_word' id='word_1_154' title='bbox 389 2806 525 2865; x_wconf 85' lang='lat' dir='ltr'><strong>tenetur</strong></span> <span class='ocrx_word' id='word_1_155' title='bbox 544 2801 587 2865; x_wconf 92' lang='lat' dir='ltr'><strong>ad</strong></span> <span class='ocrx_word' id='word_1_156' title='bbox 607 2798 829 2889; x_wconf 75' lang='lat' dir='ltr'><strong>p&#39;raebendu&#39;m</strong></span> <span class='ocrx_word' id='word_1_157' title='bbox 849 2800 1140 2888; x_wconf 89' lang='lat' dir='ltr'><strong>supplementum,</strong></span> <span class='ocrx_word' id='word_1_158' title='bbox 1168 2798 1269 2862; x_wconf 86' lang='lat' dir='ltr'><strong>etiam</strong></span> <span class='ocrx_word' id='word_1_159' title='bbox 1295 2821 1337 2862; x_wconf 84' lang='lat' dir='ltr'><strong>cx</strong></span> 
     </span>
     <span class='ocr_line' id='line_1_22' title="bbox 210 2911 1336 3002; baseline -0.002 -26"><span class='ocrx_word' id='word_1_160' title='bbox 210 2911 286 2977; x_wconf 87' lang='lat' dir='ltr'><strong>aliis</strong></span> <span class='ocrx_word' id='word_1_161' title='bbox 319 2913 444 2980; x_wconf 81' lang='lat' dir='ltr'><strong>fundis</strong></span> <span class='ocrx_word' id='word_1_162' title='bbox 481 2953 523 2964; x_wconf 87' lang='lat'>-</span> <span class='ocrx_word' id='word_1_163' title='bbox 558 2913 625 2980; x_wconf 85' lang='lat' dir='ltr'><strong>Sed</strong></span> <span class='ocrx_word' id='word_1_164' title='bbox 659 2914 822 3002; x_wconf 71' lang='lat' dir='ltr'><strong>quaeritur</strong></span> <span class='ocrx_word' id='word_1_165' title='bbox 851 2913 1067 3001; x_wconf 86' lang='lat' dir='ltr'><strong>quandonam</strong></span> <span class='ocrx_word' id='word_1_166' title='bbox 1102 2913 1246 2976; x_wconf 75' lang='lat' dir='ltr'><strong>laxativo</strong></span> <span class='ocrx_word' id='word_1_167' title='bbox 1280 2911 1336 2975; x_wconf 88' lang='lat' dir='ltr'><strong>vel</strong></span> 
     </span>
     <span class='ocr_line' id='line_1_23' title="bbox 209 3025 1335 3115; baseline -0.003 -24"><span class='ocrx_word' id='word_1_168' title='bbox 209 3029 469 3093; x_wconf 78' lang='lat' dir='ltr'><strong>demonstrative</strong></span> <span class='ocrx_word' id='word_1_169' title='bbox 494 3027 618 3094; x_wconf 85' lang='lat' dir='ltr'><strong>fundus</strong></span> <span class='ocrx_word' id='word_1_170' title='bbox 649 3028 860 3115; x_wconf 89' lang='lat' dir='ltr'><strong>designetur.</strong></span> <span class='ocrx_word' id='word_1_171' title='bbox 884 3028 919 3092; x_wconf 93' lang='lat' dir='ltr'><strong>Si</strong></span> <span class='ocrx_word' id='word_1_172' title='bbox 940 3050 981 3092; x_wconf 86' lang='lat' dir='ltr'><strong>ex</strong></span> <span class='ocrx_word' id='word_1_173' title='bbox 1001 3027 1209 3114; x_wconf 88' lang='lat' dir='ltr'><strong>inspectione</strong></span> <span class='ocrx_word' id='word_1_174' title='bbox 1230 3025 1335 3089; x_wconf 88' lang='lat' dir='ltr'><strong>totius</strong></span> 
     </span>
     <span class='ocr_line' id='line_1_24' title="bbox 209 3140 1332 3222; baseline -0.001 -17"><span class='ocrx_word' id='word_1_175' title='bbox 209 3142 403 3207; x_wconf 89' lang='lat' dir='ltr'><strong>testamenti</strong></span> <span class='ocrx_word' id='word_1_176' title='bbox 424 3147 558 3208; x_wconf 89' lang='lat' dir='ltr'><strong>constet</strong></span> <span class='ocrx_word' id='word_1_177' title='bbox 570 3141 612 3207; x_wconf 90' lang='lat' dir='ltr'><strong>de</strong></span> <span class='ocrx_word' id='word_1_178' title='bbox 628 3143 803 3208; x_wconf 86' lang='lat' dir='ltr'><strong>voluntate</strong></span> <span class='ocrx_word' id='word_1_179' title='bbox 821 3141 1009 3222; x_wconf 89' lang='lat' dir='ltr'><strong>testatoris,</strong></span> <span class='ocrx_word' id='word_1_180' title='bbox 1027 3141 1120 3206; x_wconf 92' lang='lat' dir='ltr'><strong>nulla</strong></span> <span class='ocrx_word' id='word_1_181' title='bbox 1133 3140 1332 3220; x_wconf 83' lang='lat' dir='ltr'><strong>difficultas3</strong></span> 
     </span>
     <span class='ocr_line' id='line_1_25' title="bbox 210 3252 1335 3344; baseline 0 -26"><span class='ocrx_word' id='word_1_182' title='bbox 210 3254 239 3318; x_wconf 92' lang='lat' dir='ltr'><strong>si</strong></span> <span class='ocrx_word' id='word_1_183' title='bbox 256 3252 334 3319; x_wconf 86' lang='lat' dir='ltr'><strong>¹non</strong></span> <span class='ocrx_word' id='word_1_184' title='bbox 362 3262 512 3333; x_wconf 87' lang='lat' dir='ltr'><strong>constet,</strong></span> <span class='ocrx_word' id='word_1_185' title='bbox 549 3256 791 3321; x_wconf 86' lang='lat' dir='ltr'><strong>recurrendum</strong></span> <span class='ocrx_word' id='word_1_186' title='bbox 816 3257 858 3321; x_wconf 87' lang='lat' dir='ltr'><strong>ad</strong></span> <span class='ocrx_word' id='word_1_187' title='bbox 887 3256 1203 3344; x_wconf 64' lang='lat' dir='ltr'><strong>praesumptionem</strong></span> <span class='ocrx_word' id='word_1_188' title='bbox 1237 3277 1335 3342; x_wconf 88' lang='lat' dir='ltr'><strong>porro</strong></span> 
     </span>
     <span class='ocr_line' id='line_1_26' title="bbox 208 3369 1334 3457; baseline 0 -25"><span class='ocrx_word' id='word_1_189' title='bbox 208 3370 428 3457; x_wconf 76' lang='lat' dir='ltr'><strong>praesumptio</strong></span> <span class='ocrx_word' id='word_1_190' title='bbox 452 3370 523 3435; x_wconf 75' lang='lat' dir='ltr'><strong>haec</strong></span> <span class='ocrx_word' id='word_1_191' title='bbox 548 3377 626 3436; x_wconf 88' lang='lat' dir='ltr'><strong>est:</strong></span> <span class='ocrx_word' id='word_1_192' title='bbox 654 3371 690 3436; x_wconf 89' lang='lat' dir='ltr'><strong>Si</strong></span> <span class='ocrx_word' id='word_1_193' title='bbox 709 3371 799 3436; x_wconf 88' lang='lat' dir='ltr'><strong>dicat</strong></span> <span class='ocrx_word' id='word_1_194' title='bbox 819 3379 964 3436; x_wconf 89' lang='lat' dir='ltr'><strong>testator</strong></span> <span class='ocrx_word' id='word_1_195' title='bbox 984 3370 1108 3434; x_wconf 82' lang='lat' dir='ltr'><strong>haeredi</strong></span> <span class='ocrx_word' id='word_1_196' title='bbox 1131 3389 1139 3437; x_wconf 73' lang='grc' dir='ltr'>ζ</span> <span class='ocrx_word' id='word_1_197' title='bbox 1167 3369 1242 3434; x_wconf 84' lang='lat' dir='ltr'><strong>Tibi</strong></span> <span class='ocrx_word' id='word_1_198' title='bbox 1263 3369 1334 3453; x_wconf 70' lang='lat' dir='ltr'><strong>tego</strong></span> 
     </span>
     <span class='ocr_line' id='line_1_27' title="bbox 210 3483 1335 3572; baseline -0.002 -26"><span class='ocrx_word' id='word_1_199' title='bbox 210 3483 312 3548; x_wconf 84' lang='lat' dir='ltr'><strong>talem</strong></span> <span class='ocrx_word' id='word_1_200' title='bbox 330 3485 497 3568; x_wconf 86' lang='lat' dir='ltr'><strong>fundum,</strong></span> <span class='ocrx_word' id='word_1_201' title='bbox 519 3508 556 3549; x_wconf 86' lang='lat' dir='ltr'><strong>ea</strong></span> <span class='ocrx_word' id='word_1_202' title='bbox 579 3486 648 3572; x_wconf 69' lang='lat' dir='ltr'><strong>lege</strong></span> <span class='ocrx_word' id='word_1_203' title='bbox 670 3494 706 3550; x_wconf 90' lang='lat' dir='ltr'><strong>ut</strong></span> <span class='ocrx_word' id='word_1_204' title='bbox 725 3487 853 3572; x_wconf 75' lang='lat' dir='ltr'><strong>exejus</strong></span> <span class='ocrx_word' id='word_1_205' title='bbox 869 3484 1034 3550; x_wconf 82' lang='lat' dir='ltr'><strong>reditibus</strong></span> <span class='ocrx_word' id='word_1_206' title='bbox 1053 3485 1159 3568; x_wconf 81' lang='lat' dir='ltr'><strong>seciae</strong></span> <span class='ocrx_word' id='word_1_207' title='bbox 1172 3483 1335 3546; x_wconf 81' lang='lat' dir='ltr'><strong>celebrari</strong></span> 
     </span>
     <span class='ocr_line' id='line_1_28' title="bbox 209 3595 1335 3687; baseline -0.004 -25"><span class='ocrx_word' id='word_1_208' title='bbox 209 3605 343 3663; x_wconf 88' lang='lat' dir='ltr'><strong>centum</strong></span> <span class='ocrx_word' id='word_1_209' title='bbox 375 3599 492 3664; x_wconf 74' lang='lat' dir='ltr'><strong>missae</strong></span> <span class='ocrx_word' id='word_1_210' title='bbox 518 3608 718 3685; x_wconf 81' lang='lat' dir='ltr'><strong>perpetuae,</strong></span> <span class='ocrx_word' id='word_1_211' title='bbox 749 3599 798 3664; x_wconf 87' lang='lat' dir='ltr'><strong>sic</strong></span> <span class='ocrx_word' id='word_1_212' title='bbox 830 3599 1022 3687; x_wconf 89' lang='lat' dir='ltr'><strong>incipiendo</strong></span> <span class='ocrx_word' id='word_1_213' title='bbox 1050 3622 1068 3662; x_wconf 94' lang='lat' dir='ltr'><strong>a</strong></span> <span class='ocrx_word' id='word_1_214' title='bbox 1102 3595 1335 3682; x_wconf 86' lang='lat' dir='ltr'><strong>designatione</strong></span> 
     </span>
     <span class='ocr_line' id='line_1_29' title="bbox 208 3708 1335 3801; baseline -0.005 -25"><span class='ocrx_word' id='word_1_215' title='bbox 208 3712 321 3792; x_wconf 83' lang='lat' dir='ltr'><strong>fundi,</strong></span> <span class='ocrx_word' id='word_1_216' title='bbox 352 3719 386 3778; x_wconf 89' lang='lat' dir='ltr'><strong>et</strong></span> <span class='ocrx_word' id='word_1_217' title='bbox 419 3721 537 3801; x_wconf 89' lang='lat' dir='ltr'><strong>postea</strong></span> <span class='ocrx_word' id='word_1_218' title='bbox 567 3713 776 3801; x_wconf 86' lang='lat' dir='ltr'><strong>assignando</strong></span> <span class='ocrx_word' id='word_1_219' title='bbox 805 3737 908 3795; x_wconf 90' lang='lat' dir='ltr'><strong>onus,</strong></span> <span class='ocrx_word' id='word_1_220' title='bbox 937 3711 1063 3777; x_wconf 87' lang='lat' dir='ltr'><strong>fundus</strong></span> <span class='ocrx_word' id='word_1_221' title='bbox 1101 3715 1152 3774; x_wconf 89' lang='lat' dir='ltr'><strong>est</strong></span> <span class='ocrx_word' id='word_1_222' title='bbox 1191 3708 1335 3772; x_wconf 78' lang='lat' dir='ltr'><strong>taxatiuc</strong></span> 
     </span>
     <span class='ocr_line' id='line_1_30' title="bbox 208 3824 1335 3913; baseline -0.004 -24"><span class='ocrx_word' id='word_1_223' title='bbox 208 3824 422 3913; x_wconf 88' lang='lat' dir='ltr'><strong>designatus;</strong></span> <span class='ocrx_word' id='word_1_224' title='bbox 459 3827 487 3891; x_wconf 93' lang='lat' dir='ltr'><strong>si</strong></span> <span class='ocrx_word' id='word_1_225' title='bbox 518 3849 598 3892; x_wconf 89' lang='lat' dir='ltr'><strong>vero</strong></span> <span class='ocrx_word' id='word_1_226' title='bbox 627 3827 718 3892; x_wconf 88' lang='lat' dir='ltr'><strong>dicat</strong></span> <span class='ocrx_word' id='word_1_227' title='bbox 745 3848 752 3894; x_wconf 93' lang='lat'>:</span> <span class='ocrx_word' id='word_1_228' title='bbox 790 3827 838 3891; x_wconf 91' lang='lat' dir='ltr'><strong>Tu</strong></span> <span class='ocrx_word' id='word_1_229' title='bbox 867 3827 973 3912; x_wconf 78' lang='lat' dir='ltr'><strong>faciae</strong></span> <span class='ocrx_word' id='word_1_230' title='bbox 1003 3824 1167 3889; x_wconf 85' lang='lat' dir='ltr'><strong>celebrari</strong></span> <span class='ocrx_word' id='word_1_231' title='bbox 1199 3830 1335 3886; x_wconf 88' lang='lat' dir='ltr'><strong>eentum</strong></span> 
     </span>
     <span class='ocr_line' id='line_1_31' title="bbox 210 3935 1335 4028; baseline -0.004 -24"><span class='ocrx_word' id='word_1_232' title='bbox 210 3940 327 4004; x_wconf 59' lang='lat' dir='ltr'><strong>mosas</strong></span> <span class='ocrx_word' id='word_1_233' title='bbox 345 3949 544 4027; x_wconf 79' lang='lat' dir='ltr'><strong>perpetuas,</strong></span> <span class='ocrx_word' id='word_1_234' title='bbox 562 3964 628 4027; x_wconf 86' lang='lat' dir='ltr'><strong>pro</strong></span> <span class='ocrx_word' id='word_1_235' title='bbox 647 3943 774 4028; x_wconf 81' lang='lat' dir='ltr'><strong>quibus</strong></span> <span class='ocrx_word' id='word_1_236' title='bbox 797 3942 859 4006; x_wconf 83' lang='lat' dir='ltr'><strong>tibi</strong></span> <span class='ocrx_word' id='word_1_237' title='bbox 884 3942 956 4026; x_wconf 70' lang='lat' dir='ltr'><strong>lego</strong></span> <span class='ocrx_word' id='word_1_238' title='bbox 978 3939 1078 4004; x_wconf 84' lang='lat' dir='ltr'><strong>talem</strong></span> <span class='ocrx_word' id='word_1_239' title='bbox 1097 3938 1264 4022; x_wconf 84' lang='lat' dir='ltr'><strong>fundum,</strong></span> <span class='ocrx_word' id='word_1_240' title='bbox 1287 3935 1335 4000; x_wconf 88' lang='lat' dir='ltr'><strong>sic</strong></span> 
     </span>
     <span class='ocr_line' id='line_1_32' title="bbox 207 4049 1335 4141; baseline -0.003 -25"><span class='ocrx_word' id='word_1_241' title='bbox 207 4051 400 4141; x_wconf 88' lang='lat' dir='ltr'><strong>incipiendo</strong></span> <span class='ocrx_word' id='word_1_242' title='bbox 421 4053 463 4120; x_wconf 85' lang='lat' dir='ltr'><strong>ab</strong></span> <span class='ocrx_word' id='word_1_243' title='bbox 479 4079 596 4138; x_wconf 86' lang='lat' dir='ltr'><strong>onere,</strong></span> <span class='ocrx_word' id='word_1_244' title='bbox 615 4055 742 4121; x_wconf 90' lang='lat' dir='ltr'><strong>fundus</strong></span> <span class='ocrx_word' id='word_1_245' title='bbox 758 4061 810 4120; x_wconf 87' lang='lat' dir='ltr'><strong>est</strong></span> <span class='ocrx_word' id='word_1_246' title='bbox 825 4061 957 4120; x_wconf 89' lang='lat' dir='ltr'><strong>tantum</strong></span> <span class='ocrx_word' id='word_1_247' title='bbox 973 4053 1233 4116; x_wconf 72' lang='lat' dir='ltr'><strong>demonstrative</strong></span> <span class='ocrx_word' id='word_1_248' title='bbox 1248 4049 1335 4114; x_wconf 89' lang='lat' dir='ltr'><strong>desi-</strong></span> 
     </span>
     <span class='ocr_line' id='line_1_33' title="bbox 207 4165 1333 4258; baseline -0.003 -28"><span class='ocrx_word' id='word_1_249' title='bbox 207 4171 368 4251; x_wconf 85' lang='lat' dir='ltr'><strong>gnatus¹.</strong></span> <span class='ocrx_word' id='word_1_250' title='bbox 391 4167 441 4234; x_wconf 88' lang='lat' dir='ltr'><strong>lta</strong></span> <span class='ocrx_word' id='word_1_251' title='bbox 460 4192 630 4257; x_wconf 82' lang='lat' dir='ltr'><strong>expresse,</strong></span> <span class='ocrx_word' id='word_1_252' title='bbox 653 4193 730 4235; x_wconf 93' lang='lat' dir='ltr'><strong>cum</strong></span> <span class='ocrx_word' id='word_1_253' title='bbox 750 4168 905 4258; x_wconf 88' lang='lat' dir='ltr'><strong>pluribus</strong></span> <span class='ocrx_word' id='word_1_254' title='bbox 925 4165 1131 4246; x_wconf 87' lang='lat' dir='ltr'><strong>doctoribus,</strong></span> <span class='ocrx_word' id='word_1_255' title='bbox 1154 4165 1210 4229; x_wconf 90' lang='lat' dir='ltr'><strong>cit.</strong></span> <span class='ocrx_word' id='word_1_256' title='bbox 1233 4185 1333 4252; x_wconf 92' lang='lat' dir='ltr'><strong>supra</strong></span> 
     </span>
    </p>
   </div>
   <div class='ocr_carea' id='block_1_5' title="bbox 240 4317 1333 4386">
    <p class='ocr_par' dir='ltr' id='par_1_6' title="bbox 240 4317 1333 4386">
     <span class='ocr_line' id='line_1_34' title="bbox 240 4317 1333 4386; baseline -0.006 -18"><span class='ocrx_word' id='word_1_257' title='bbox 240 4319 249 4353; x_wconf 87' lang='lat'><strong>¹</strong></span> <span class='ocrx_word' id='word_1_258' title='bbox 268 4320 292 4368; x_wconf 79' lang='lat' dir='ltr'>A</span> <span class='ocrx_word' id='word_1_259' title='bbox 307 4321 426 4381; x_wconf 78' lang='lat' dir='ltr'><strong>fortiori,</strong></span> <span class='ocrx_word' id='word_1_260' title='bbox 444 4323 562 4386; x_wconf 81' lang='lat' dir='ltr'><strong>legatum</strong></span> <span class='ocrx_word' id='word_1_261' title='bbox 578 4326 619 4373; x_wconf 88' lang='lat' dir='ltr'><strong>ost</strong></span> <span class='ocrx_word' id='word_1_262' title='bbox 636 4321 848 4373; x_wconf 66' lang='lat' dir='ltr'><strong>demonstrative</strong></span> <span class='ocrx_word' id='word_1_263' title='bbox 867 4323 1041 4384; x_wconf 80' lang='lat' dir='ltr'><strong>conceptum,</strong></span> <span class='ocrx_word' id='word_1_264' title='bbox 1059 4321 1080 4368; x_wconf 87' lang='lat' dir='ltr'><strong>si</strong></span> <span class='ocrx_word' id='word_1_265' title='bbox 1101 4321 1215 4369; x_wconf 81' lang='lat' dir='ltr'><strong>testator</strong></span> <span class='ocrx_word' id='word_1_266' title='bbox 1231 4317 1333 4367; x_wconf 88' lang='lat' dir='ltr'><strong>nullum</strong></span> 
     </span>
    </p>
   </div>
   <div class='ocr_carea' id='block_1_6' title="bbox 0 0 1616 5044">
    <p class='ocr_par' dir='ltr' id='par_1_7' title="bbox 0 0 1616 5044">
     <span class='ocr_line' id='line_1_35' title="bbox 0 0 1616 5044; baseline 0 2"><span class='ocrx_word' id='word_1_267' title='bbox 0 0 1616 5044; x_wconf 95' lang='lat' dir='ltr'><strong> </strong></span> 
     </span>
    </p>
   </div>
  </div>
 </body>
</html>
