3246 5026
296 470 347 524 are
496 541 503 548 ¹
598 470 642 520 ne
661 468 877 521 sancrrssruo
901 467 1119 520 successuro

296 617 393 683 niunt
416 615 496 682 illuc
521 637 562 678 ex
586 614 729 679 diversis
756 613 939 702 provinciis
962 613 1196 678 christiani¹...
1223 641 1239 674 »
1264 613 1418 692 Quonam

295 739 408 797 autern
432 738 584 818 tempore
609 728 662 792 hic
686 751 768 793 usus
793 729 984 814 incoeperit,
1011 728 1177 794 incertum
1202 736 1271 808 est;
1294 731 1419 794 scimus

294 853 425 926 tamen,
454 867 495 910 ex
522 844 621 908 dictis
648 865 750 930 supra
776 843 827 931 (n.
853 841 965 931 144),
989 842 1060 930 jarn
1089 841 1213 908 saeculo
1232 863 1266 908 ιν
1289 866 1419 908 sacram

296 957 541 1024 Eucharistiam
562 963 770 1023 asservatam
790 955 895 1022 fuisse
914 957 949 1021 in
969 955 1131 1023 ecclesiis

340 1075 376 1138 2⁰
395 1071 542 1138 Omnino
567 1071 697 1138 licitum
721 1077 774 1136 est
797 1093 926 1136 sacram
947 1071 1193 1138 Eucharistiam
1217 1071 1418 1138 distribuere

292 1197 390 1254 entra
410 1188 562 1270 inissem,
578 1193 617 1251 ut
636 1192 730 1274 patet
749 1185 878 1250 Rituab'
899 1207 1055 1269 romana,
1078 1186 1168 1274 quod
1187 1187 1240 1251 tit.
1267 1208 1311 1268 rv,
1329 1209 1357 1250 c.
1375 1207 1415 1268 11,

293 1301 479 1392 praescribit
498 1300 633 1388 regulas
654 1300 716 1364 boc
734 1299 769 1362 in
789 1321 870 1365 casu
888 1298 1084 1365 servandas.

337 1418 372 1484 3ο
391 1417 553 1480 Attamen
573 1413 730 1478 illicitum
749 1420 801 1478 est
821 1435 895 1478 eam
915 1421 1015 1478 noctu
1035 1413 1247 1480 distribuere.
1266 1413 1416 1479 —Con—

292 1539 360 1596 stat
380 1553 420 1594 ex
441 1528 622 1593 universali
636 1536 668 1592 et
683 1528 823 1613 antiqua
839 1527 994 1592 Ecclesia
1014 1529 1267 1612 consuetudine,
1285 1551 1360 1616 quae
1375 1551 1416 1594 ex

292 1667 330 1709 eo
355 1650 428 1709 orta
448 1649 520 1724 est,
547 1641 638 1730 quod
661 1664 721 1729 per
744 1641 841 1728 plura
865 1641 989 1706 saecula
1013 1665 1107 1707 sacra
1131 1643 1324 1707 communio
1348 1665 1417 1708 non

291 1757 422 1823 solebat
444 1755 601 1821 distribui
626 1755 691 1819 nisi
715 1756 806 1819 intra
831 1756 970 1838 misaa3;
993 1779 1092 1844 porro
1119 1756 1230 1820 missae
1257 1778 1325 1820 non
1351 1756 1416 1820 nisi

290 1874 343 1937 die
371 1869 527 1937 solebant
556 1868 728 1941 celebrari.
756 1867 869 1950 Unde,
897 1875 935 1934 ut
963 1868 1051 1934 infra
1076 1869 1218 1952 dicetur,
1245 1869 1346 1934 etiam
1373 1869 1416 1935 ad

290 1989 441 2052 infirmos
466 2007 595 2050 sacram
617 1981 863 2048 Eucharistianr
887 1991 986 2048 nocte
1010 1983 1139 2048 deferre
1163 1983 1319 2050 illicitum
1343 1991 1412 2062 est,

290 2101 363 2166 sine
385 2099 598 2164 necessitate.

334 2214 370 2276 [ιθ
393 2213 465 2276 Irno
494 2209 674 2298 prohibitio
703 2209 871 2298 applicata
901 2217 953 2275 est
984 2211 1027 2274 ad
1059 2211 1198 2276 missam
1229 2211 1414 2276 solemnem

289 2349 366 2414 quoe
393 2329 549 2388 cantatur
575 2324 610 2386 in
639 2323 748 2388 media
777 2331 876 2388 nocte
902 2323 1098 2389 Natiuitatis
1128 2325 1281 2406 Domini,
1311 2331 1345 2389 et
1371 2325 1414 2389 ad

289 2441 411 2504 missas
431 2438 582 2527 privatas
602 2461 677 2526 quai
701 2461 742 2502 ex
766 2438 897 2502 indulto
918 2439 980 2503 bac
1000 2445 1099 2504 nocte
1120 2437 1344 2518 celebrantur,
1367 2439 1414 2502 ita

288 2561 325 2619 ut
344 2553 461 2617 fideles
481 2551 543 2616 hac
567 2559 665 2617 nocte
685 2575 753 2617 non
772 2552 906 2639 possint
925 2553 1190 2634 communicare,
1213 2552 1274 2618 sed
1292 2575 1414 2638 exspe-

288 2673 379 2732 ctare
399 2665 544 2732 debeant
563 2689 731 2731 auroram.
754 2705 797 2714 -
818 2665 900 2744 Quae
921 2674 972 2731 est
991 2667 1129 2731 omnino
1145 2666 1413 2755 jurisprudentia

287 2781 322 2847 S.
347 2781 487 2846 Rituunr
508 2780 807 2868 Congregationis,
829 2787 867 2845 ut
891 2787 1025 2845 constat
1049 2805 1090 2846 ex
1115 2781 1188 2868 ejus
1213 2779 1358 2846 decretis
1377 2780 1413 2844 in

288 2895 480 2980 Pisauren,
509 2895 551 2960 20
578 2917 648 2981 apr.
681 2893 803 2974 1641&
834 2932 877 2942 —
903 2893 938 2958 in
963 2917 1030 2960 una
1063 2895 1182 2960 Trium
1205 2895 1411 2978 Musarum,

276 3011 307 3082 „r
327 3010 398 3074 dec.
424 3009 548 3089 tarr&
570 3008 667 3071 —in
691 3007 825 3091 Senon,
849 3009 891 3074 23
916 3009 1029 3074 martii
1055 3009 1180 3090 1686⁴;
1202 3009 1300 3073 -in
1325 3009 1412 3073 Tau-

287 3125 409 3206 riaco,
431 3123 450 3186 3
470 3122 542 3187 dec.
568 3121 648 3188 1701
663 3127 684 3184 ⁵.
707 3159 751 3170 -
770 3120 853 3200 Qua
877 3121 1060 3208 prohibitio
1079 3122 1163 3211 ligat
1187 3146 1255 3188 non
1275 3129 1410 3188 tantum

285 3236 405 3316 laicos,
427 3235 488 3300 sed
507 3235 609 3300 etiarn
628 3259 861 3324 quoscumque
882 3237 1055 3322 requtarea
1073 3242 1107 3302 et
1127 3239 1304 3321 neoniates,
1326 3237 1409 3320 nisi,

284 3357 322 3414 ut
341 3354 449 3435 patet,
472 3347 619 3413 habeant
638 3347 807 3414 indultum
828 3349 989 3437 speciale,
1006 3351 1057 3416 uti
1076 3349 1284 3416 declaratum
1304 3358 1356 3416 est
1375 3351 1410 3415 in

285 3461 422 3552 pariata
449 3461 568 3528 senen.
597 3463 764 3530 —Unde
791 3467 1043 3532 consentientes
1071 3467 1196 3533 videris
1222 3467 1285 3532 hac
1312 3467 1347 3532 in
1373 3490 1410 3532 re

283 3577 489 3642 unanimiter
516 3577 686 3660 doctores,
715 3579 861 3660 Giraldi,
886 3578 1059 3663 Clericati,
1086 3581 1290 3646 Benedictus
1315 3581 1406 3662 XIV,

284 3691 317 3756 S.
336 3691 455 3779 Alph,
478 3692 519 3756 de
540 3692 659 3774 Herdt,
681 3699 759 3774 etc,
778 3700 842 3757 etc.
855 3695 876 3758 ⁶.
895 3731 939 3742 —
954 3693 992 3758 ln
1012 3694 1166 3782 pluribus
1185 3693 1405 3775 dioecesibus,

315 3879 322 3910 ¹
341 3877 444 3940 biigne,
461 3877 490 3926 P.
508 3877 545 3935 b,
561 3881 579 3926 t.
596 3894 685 3936 erun,
700 3877 751 3926 col.
767 3883 821 3926 952.

313 3957 637 4015 mencenenterius,
654 3972 680 4005 n.
698 3963 755 4016 752,
772 3961 791 4006 t.
808 3973 829 4018 r,
842 3974 870 4022 p.
889 3965 939 4008 tor.

233 4021 237 4032 ’
313 4037 420 4096 ³1bid.,
437 4053 464 4086 n.
478 4042 536 4098 rar,
554 4041 572 4086 ι.
590 4055 612 4096 1,
629 4053 656 4100 p.
675 4043 726 4085 roc.

312 4120 323 4152 ⁴
340 4117 419 4176 lbid„
437 4133 463 4165 n.
479 4123 551 4176 1761,
571 4121 665 4181 t.1‚1).
682 4123 736 4166 ³7¹1.

312 4197 419 4254 ⁵1bid.‚
435 4213 460 4245 n.
477 4203 550 4256 2085,
568 4201 587 4246 t.
601 4215 621 4256 r,
638 4214 664 4260 p.
682 4203 735 4247 tol.

310 4277 455 4334 ⁶Giraldi‚
475 4277 628 4340 depositio,
647 4281 710 4328 etc..
729 4283 798 4340 part.
816 4277 840 4337 1,
860 4285 926 4329 sect.
948 4295 1007 4341 nor,
1028 4297 1055 4344 p.
1074 4285 1133 4340 ⁴³23
1149 4310 1178 4318 -
1194 4280 1332 4336 clericati.
1352 4281 1402 4330 loc.
