3224 5044
319 536 363 587 DE
382 535 573 596 QUIBUSDAM
592 535 677 589 llus
696 537 823 590 TITULIS
843 539 1042 591 sannionum
1061 539 1187 592 iussin
1269 538 1319 592 lot

192 679 273 744 alibi
293 680 557 762 demonstratur,
580 679 736 747 Christus
752 681 856 770 jussit
875 684 909 748 in
934 706 995 750 sua
1019 681 1172 750 Ecclesia
1195 683 1320 750 consti-

194 794 262 874 tui,
285 793 373 858 sicut
396 815 593 880 supremum
618 793 745 883 Caput,
767 796 814 862 ita
838 805 871 863 et
896 797 1056 864 Pastores
1079 797 1268 862 ordinarios
1287 803 1320 863 et

193 906 424 988 immediatos,
454 929 515 972 seu
545 907 731 997 Episcopos
765 909 949 999 (quidquid
980 911 1161 977 dicendum
1194 918 1246 977 est
1278 909 1320 976 de

192 1019 389 1085 immediata
419 1019 549 1109 origine
575 1020 824 1108 jurisdictionis
848 1023 1085 1114 episcopalis);
1116 1048 1213 1112 ergo,
1243 1023 1320 1112 jure

191 1133 307 1198 divino
328 1135 521 1200 immediato
540 1141 575 1199 et
593 1135 748 1200 absoluto
767 1143 927 1202 tenentur
946 1138 1104 1227 Episcopi
1118 1138 1161 1203 ad
1181 1137 1320 1202 missam

188 1269 254 1332 pro
270 1248 411 1334 populo
434 1285 477 1297 -
506 1248 651 1313 Parochi
676 1255 791 1314 autem
817 1257 978 1316 tenentur
1005 1250 1048 1315 ad
1073 1250 1160 1315 hanc
1179 1250 1319 1316 missam

186 1365 271 1448 jure
291 1361 429 1450 quidem
452 1363 582 1444 divine,
610 1363 669 1426 sed
693 1371 826 1428 tantum
852 1365 995 1429 mediato
1024 1373 1056 1429 et
1081 1364 1298 1450 hypothetico
1306 1383 1321 1448 ‚·

192 1497 271 1540 nam
291 1473 418 1540 habent
432 1475 569 1564 quidem
589 1499 704 1541 curam
724 1477 929 1559 animarum,
951 1478 1005 1543 cui
1024 1500 1156 1543 annexa
1176 1484 1229 1544 est
1243 1477 1320 1566 jure

191 1587 308 1654 divino
327 1589 431 1654 missa
450 1613 511 1678 pro
530 1589 673 1678 populo;
696 1591 756 1656 sed
775 1591 862 1656 hanc
881 1614 997 1656 euram
1016 1614 1084 1656 non
1108 1591 1235 1656 habent
1253 1591 1320 1656 nisi

186 1704 270 1789 jure
289 1703 522 1786 ecclesiastico,
545 1704 623 1791 quia
649 1704 798 1769 officium
821 1705 1015 1793 parochiale
1040 1729 1100 1771 seu
1124 1728 1204 1771 cura
1223 1729 1319 1794 paro·

191 1815 309 1882 chialis
337 1817 525 1882 animarum
547 1817 625 1904 jure
648 1825 782 1883 tantum
807 1797 1045 1884 Ecclesiastico
1070 1819 1226 1883 instituta
1252 1827 1316 1884 est.

192 1929 241 1996 Ita
266 1931 487 1998 ratiocinatur
514 1931 582 1996 Leo
611 1931 691 1996 XIII
719 1932 754 1996 in
778 1931 871 1998 bulla
901 1933 942 1997 In
970 1954 1144 2017 suprema,
1172 1932 1217 1996 IV
1242 1932 1319 1997 idus

187 2045 275 2132 junii
296 2044 398 2126 1882,
419 2048 436 2128 ἓ
463 2043 677 2131 Quapropter
696 2047 823 2111 mirum
837 2051 857 2112 ¹.

236 2291 304 2362 88.
329 2329 373 2340 -
392 2291 563 2368 Quinam
582 2298 769 2362 tenentur
787 2291 862 2360 hoc
881 2291 1108 2380 pracepto‘?

237 2409 269 2470 l⁰
288 2405 337 2470 De
356 2405 543 2492 Episcopis.
565 2444 608 2454 —
634 2407 683 2470 De
704 2406 880 2494 Episcopis
900 2406 971 2471 haec
991 2405 1158 2474 dicenda:

235 2545 266 2584 a.
290 2521 450 2605 Episcopi
467 2527 625 2585 tenentur
644 2521 687 2584 ad
704 2521 840 2585 missam
856 2543 922 2605 pro
933 2522 1074 2605 populo.
1092 2559 1136 2570 —
1148 2519 1313 2590 Constat:

192 2635 222 2700 l.
245 2634 387 2700 Concilii
409 2635 437 2697 T
438 2635 504 2700 rid.
532 2642 630 2700 textu
654 2657 755 2723 supra
773 2635 898 2715 relat0;
915 2673 959 2683 —
978 2634 1010 2700 2.
1033 2633 1220 2700 Clementis
1234 2633 1315 2700 XIII

191 2749 283 2813 bullo
308 2749 338 2812 A
368 2749 535 2835 quodie,
564 2755 670 2837 postr.
700 2748 777 2812 idus
807 2755 894 2836 sept.
926 2747 1029 2830 1758,
1055 2751 1071 2831 5
1098 2747 1154 2828 10,
1180 2749 1313 2836 inqua,

189 2863 333 2950 loquens
352 2861 393 2927 de
414 2863 537 2947 officiis
556 2864 808 2950 episcoporum,
825 2859 889 2924 hoc
909 2861 1011 2926 etiarn
1030 2859 1166 2947 adjecit,
1189 2860 1230 2925 de
1250 2883 1316 2948 qua

190 2976 385 3064 loquimur:
410 3003 425 3035 11
450 2975 665 3063 Nullamque
685 2978 799 3062 majus
813 2983 976 3061 putemus
995 2975 1091 3040 nobis
1110 2975 1229 3038 datum
1249 2997 1316 3040 esse

189 3091 379 3176 capotium,
412 3111 518 3176 quam
546 3089 665 3154 crebro
692 3087 894 3175 placationis
924 3089 1069 3153 hostiam
1095 3109 1162 3173 pro
1192 3087 1316 3153 nostris

185 3205 372 3290 populique
397 3204 544 3288 pcccatis
574 3203 642 3268 Deo
673 3203 771 3268 Patri
800 3203 976 3268 immolare
990 3206 1021 3287 ²,·
1052 3229 1067 3263 »
1100 3241 1145 3251 —
1176 3203 1208 3268 3.
1231 3201 1315 3266 Leo-

187 3319 241 3383 nis
272 3317 354 3382 XIII
383 3318 440 3382 cit.
469 3315 564 3381 bulla
596 3318 637 3381 In
668 3339 843 3401 suprema,
871 3319 888 3400 5
913 3317 979 3382 His
1010 3317 1139 3403 itaque,
1165 3315 1223 3381 ubi
1242 3314 1314 3380 haec

187 3432 288 3520 plane
308 3429 494 3509 decretoria
514 3429 641 3496 edicit:
666 3457 682 3490 «
705 3429 925 3496 Decernimus
945 3437 979 3496 et
998 3431 1210 3496 declaramus
1230 3431 1314 3516 Epi-

185 3543 764 3632 1οοροε,ᾳ11111111ηᾳ111(1191111111,
795 3547 895 3610 etiam
920 3545 1152 3628 cardinalitia,
1180 3555 1311 3628 auctos,

186 3660 268 3724 item
292 3659 432 3725 abbates
456 3658 730 3746 jurisdictionem
756 3659 854 3747 quasi
873 3659 1099 3746 episcopalem
1123 3659 1158 3721 in
1184 3657 1312 3722 clerum

186 3781 220 3840 et
239 3773 403 3862 populum
422 3797 501 3838 curn
521 3773 689 3838 territorio
710 3779 865 3860 separato
887 3772 1067 3853 habenteS,
1084 3774 1118 3836 in
1137 3771 1313 3836 dominicis

185 3889 329 3975 aliisque
348 3889 446 3973 festis
464 3889 582 3953 diebus
602 3889 664 3974 qui
687 3911 728 3952 cc
742 3897 910 3974 praecepto
928 3887 1040 3952 adhuc
1059 3895 1254 3970 seruantur,
1280 3894 1312 3950 ct

184 4004 247 4089 qui
265 3989 310 4066 eae'
325 4003 459 4068 dierum
479 4003 519 4066 de
534 4011 701 4088 praeopto
716 4007 884 4088 festorum
906 4025 1045 4068 numero
1071 4001 1199 4067 sublati
1217 4008 1309 4084 sunl,

217 4274 225 4307 ¹
244 4273 340 4322 Leonis
354 4273 419 4322 XIII
430 4273 511 4331 Acta,
528 4273 634 4330 Bonam,
652 4275 724 4325 rsa-l.
740 4276 759 4323 t.
776 4289 815 4329 111,
831 4289 857 4336 p.
871 4279 909 4322 91.

216 4354 227 4387 ²
246 4353 317 4402 Bull.
335 4367 401 4402 rom.
417 4355 497 4412 cont,
515 4357 533 4402 t.
550 4369 571 4413 r,
587 4369 614 4416 p.
630 4359 668 4402 31.
