3174 5046
401 487 445 536 DE
464 485 621 537 TEMPORE
641 485 902 538 CELEBRA'IIONIS
921 487 1029 538 MISSAE
1245 487 1272 540 31

151 633 299 722 possint,
331 631 444 695 omitti
475 629 577 695 debet
608 629 727 710 missa;
764 631 918 720 exceptio
952 639 1066 697 autem
1097 633 1186 698 laeta
1217 657 1277 722 pro

151 744 303 812 ecclesiis
323 744 581 830 parochialibus
606 743 665 830 (de
689 767 756 832 qua
780 746 900 834 supra)
928 746 1066 812 extendi
1089 748 1208 836 nequit
1236 747 1278 812 ad

152 861 223 925 haee
243 859 401 924 oratoria.

196 998 224 1040 e.
260 972 296 1038 Si
324 977 445 1059 agatur
475 971 516 1036 de
550 971 707 1036 oratoriis
733 971 1083 1058 Confratcrnitatum,
1119 973 1279 1040 celebrari

152 1084 270 1174 nequit
293 1084 398 1150 missa
422 1083 599 1166 solemnis,
629 1084 708 1172 quia
727 1084 798 1149 haec
826 1092 952 1170 spectat
973 1087 1018 1150 ad
1035 1088 1220 1172 parochos,
1242 1094 1281 1151 ut

152 1199 276 1266 decidit
308 1198 342 1265 S.
372 1199 442 1264 Rit.
477 1197 618 1286 Congr.,
650 1199 684 1262 in
715 1197 816 1286 alleg.
845 1199 980 1265 decreto
1006 1199 1047 1266 10
1072 1201 1144 1265 dee.
1175 1202 1277 1281 1703,

152 1313 196 1379 ad
220 1313 256 1394 8;
284 1313 375 1400 quod
399 1314 651 1379 extendendum
676 1319 728 1378 est
755 1313 886 1378 adalia
914 1315 1060 1379 oratoria
1087 1338 1162 1402 quae
1187 1315 1281 1379 nullo

153 1429 254 1492 modo
267 1428 462 1492 eximuntur
479 1450 497 1493 a
514 1427 652 1516 parochi
663 1426 911 1514 jurisdictione.
928 1427 1015 1494 Cum
1033 1429 1170 1494 licentia
1185 1453 1282 1517 paro·

154 1542 224 1622 chi,
245 1542 301 1607 vel
321 1541 507 1622 Ordinarii,
530 1541 719 1630 putaverim
751 1542 891 1607 missam
915 1542 1102 1608 solemnem
1122 1542 1169 1606 ibi
1193 1544 1282 1608 cele-

154 1656 244 1722 brari
263 1679 380 1744 posse,
403 1679 444 1721 ex
465 1656 581 1721 statim
601 1655 764 1722 dicendis.

200 1773 234 1836 d.
261 1771 296 1836 Si
320 1778 441 1857 agatur
467 1770 509 1835 de
533 1769 685 1836 ecclesiis
713 1776 746 1835 et
770 1771 925 1836 oratoriis
949 1771 1202 1859 Religiosorum
1226 1772 1282 1838 vel

156 1885 355 1950 monialium
381 1907 458 1950 eum
484 1884 574 1948 votis
601 1883 829 1973 simplicibus,
851 1885 908 1950 vel
929 1885 970 1950 de
997 1885 1138 1974 capellis
1157 1887 1283 1973 princi-

156 1999 291 2088 palibus
332 1998 606 2082 seminariorum,
646 1998 883 2086 hospitalium,
923 1997 1160 2086 collegiorum,
1202 2007 1281 2082 etc,

157 2137 232 2202 quae
245 2120 324 2178 sunt
338 2113 451 2201 aliquo
465 2112 564 2178 modo
585 2118 742 2200 exempta
757 2135 776 2177 a
791 2112 1027 2200 jurisdictione
1041 2114 1281 2202 parochorum,

147 2215 261 2294 'missa
285 2226 447 2292 celebrari
470 2233 600 2314 potest,
628 2228 726 2291 modo
749 2229 811 2312 fiat
829 2227 1035 2312 solemniter,
1062 2251 1183 2316 nempe
1208 2252 1285 2294 eum

158 2341 300 2407 diacono
320 2349 354 2406 et
373 2339 579 2406 subdiacono
600 2349 634 2406 et
653 2340 729 2404 aliis
749 2339 1033 2406 solemnitatibus
1054 2343 1214 2408 -Ratio
1234 2350 1286 2408 est

159 2455 249 2544 quia,
264 2455 344 2520 licet
358 2455 430 2519 haec
445 2455 548 2520 missa
562 2477 631 2519 non
651 2454 696 2518 sit
715 2454 830 2519 stricte
850 2455 1097 2539 conventualis,
1120 2463 1283 2539 attamen,

160 2569 202 2635 ob
226 2570 477 2634 immunitatem
503 2592 522 2634 a
547 2568 782 2656 jurisdictione
813 2569 1053 2657 parochorum,
1080 2571 1288 2636 assimilatur

160 2685 272 2750 missae
292 2673 525 2766 conventuali,
548 2683 636 2749 sicut
657 2683 762 2748 missa
781 2683 945 2748 solemnis
964 2683 999 2748 in
1014 2684 1165 2749 eeclesiis
1189 2709 1287 2772 paro-

160 2799 326 2864 chialibus
350 2805 409 2863 aut
427 2796 655 2863 vicarialibus.
682 2797 726 2862 Et
744 2820 824 2862 vero
843 2795 1032 2885 presbyteri
1061 2797 1113 2862 his
1133 2800 1288 2863 oratoriis

161 2912 324 3001 adscripti
354 2911 450 2976 nullo
479 2911 580 2976 modo
613 2913 772 2976 tenentur
804 2911 969 2974 interesse
1002 2911 1115 2974 missae
1144 2913 1289 2976 solemni

162 3027 313 3093 ecclesiae
333 3025 535 3090 cathedralis
554 3031 612 3090 aut
632 3024 850 3113 parochialis,
872 3047 976 3112 quum
995 3047 1064 3089 non
1080 3024 1148 3089 sint
1167 3027 1207 3090 de
1228 3027 1290 3092 hac

162 3141 297 3207 ecclesia
324 3138 582 3228 (Caremoniale
606 3140 779 3225 Episcop,
812 3137 872 3205 lib.
897 3137 945 3221 11,
975 3163 1004 3204 c.
1035 3161 1133 3216 xxlu,
1160 3163 1195 3206 n.
1222 3141 1287 3230 o);

164 3277 299 3342 aequum
332 3276 412 3340 ergo
451 3260 503 3318 est
532 3259 571 3317 ut
602 3275 699 3318 suam
728 3251 876 3318 habeant
899 3253 996 3340 quasi
1030 3237 1290 3320 conventualem

165 3369 304 3434 missam
324 3371 345 3432 ¹.

211 3485 244 3549 ‘1⁰
268 3483 308 3548 Iu
331 3483 473 3546 ecclesiia
501 3481 691 3546 minoribus
719 3501 786 3544 non
807 3480 1080 3566 parochialibus,
1109 3483 1144 3546 in
1169 3482 1292 3571 quibus

167 3599 271 3662 missa
290 3595 452 3661 celebrari
471 3601 618 3684 nequeat
635 3593 842 3678 solemniter,
862 3593 1014 3659 adhiberi
1028 3597 1147 3683 nequit
1165 3596 1295 3661 Memo-

169 3712 253 3776 riale
273 3711 403 3775 rituum
424 3708 599 3775 Benedicti
614 3707 706 3774 XIII.
727 3747 771 3757 -
788 3708 889 3774 Ratio
910 3714 961 3772 est
981 3708 1059 3795 quia
1079 3709 1143 3772 hoc
1166 3709 1294 3773 Memo-

170 3826 268 3908 riale,
302 3833 341 3890 ut
367 3824 496 3888 dictum
525 3829 593 3904 est,
621 3845 689 3887 non
717 3821 781 3887 fuit
814 3843 1013 3887 conoessum
1046 3821 1112 3886 nisi
1143 3823 1295 3888 ecclesiis

164 3939 435 4026 parochialibus,
452 3943 486 4003 et
505 3937 540 4001 in
559 3937 622 4002 hoe
642 3959 745 4001 sensu
760 3934 936 4025 respondit
951 3935 985 4000 S.
1004 3935 1074 4001 Rit.
1098 3936 1238 4025 Congr.,
1260 3937 1295 4001 in

170 4053 404 4136 Mecbtinien.,
434 4052 474 4116 16
508 4049 620 4115 martii
650 4049 768 4116 18762.
801 4049 898 4115 Unde
936 4049 1039 4114 etiam
1075 4049 1147 4116 haec
1177 4050 1295 4116 eadem

204 4219 211 4253 ¹
226 4221 270 4269 Sic
284 4220 365 4270 ctiam
380 4219 414 4268 dc
429 4217 529 4276 Herdt,
547 4217 596 4267 too.
612 4217 666 4274 cit,
684 4232 710 4265 n.
726 4219 769 4276 al,
786 4222 808 4265 2.

203 4299 215 4334 ²
229 4300 342 4350 Decreta
356 4299 442 4358 auth,
457 4314 484 4347 n.
500 4303 573 4357 ³390,
589 4300 609 4347 t.
625 4313 666 4356 ur,
682 4313 708 4360 p.
725 4301 763 4345 68.
