3224 5044
395 475 439 525 DE
458 473 629 526 ulssnnuu
648 475 879 526 ELEEMOSYNIS
898 477 1109 528 unanimous
1260 479 1308 530 111

187 619 480 686 celebrationem¹.
509 617 705 706 Aliquando
729 619 872 684 intentio
896 618 1130 703 fundatorum,
1153 621 1309 708 exigendi

185 741 321 800 tantum
336 733 605 816 celebrationem,
622 739 757 798 constat
770 755 811 798 ex
830 733 1085 816 consuetudine,
1101 743 1140 800 ut
1154 735 1188 799 in
1208 759 1308 802 causa

185 847 441 930 Monaaterien.,
480 845 520 910 11
549 845 639 936 junii
673 845 775 928 1815,
803 848 847 911 ad
874 847 922 912 l’.
959 846 997 912 ln
1023 848 1142 931 dubio,
1176 871 1309 937 semper

185 960 371 1027 tenendum
404 968 457 1026 est
480 961 591 1049 ipsum
621 960 771 1026 voluisse
804 959 1065 1026 celebrationem
1096 970 1130 1028 et
1162 963 1308 1052 applica-

184 1075 324 1141 tionem.

230 1285 297 1354 55.
312 1325 357 1333 -
381 1287 506 1354 Missa
522 1285 657 1354 debita
674 1287 828 1354 ratione
847 1305 952 1356 ourae
971 1289 1212 1370 animarum,
1238 1308 1308 1357 seu

186 1401 309 1468 missa
332 1419 405 1488 pro
436 1399 597 1488 populo.
622 1437 665 1448 —
691 1399 855 1484 Parocbi,
885 1401 1027 1488 aliique,
1055 1403 1116 1488 qui
1152 1409 1308 1467 tenentur

185 1515 323 1579 misaam
342 1514 511 1600 applicare
526 1537 592 1600 pro
607 1514 747 1600 populo,
767 1535 833 1579 non
847 1523 991 1600 possunt
1006 1516 1092 1580 banc
1112 1516 1246 1580 missam
1263 1517 1307 1580 ad

183 1628 287 1692 aliam
308 1629 537 1712 intentionem,
556 1635 685 1713 recepto
704 1629 882 1714 stipendio,
898 1629 1079 1715 applicare,
1101 1629 1148 1695 ita
1166 1637 1205 1694 ut
1223 1629 1306 1695 utri-

183 1765 249 1830 que
278 1741 373 1808 oneri
401 1742 623 1807 satisfaciant.
656 1781 700 1790 —
730 1741 906 1808 Constat:
936 1746 966 1809 1.
1000 1743 1050 1808 Ex
1074 1766 1175 1831 supra
1199 1743 1304 1809 relato

184 1877 342 1942 responso
374 1855 410 1940 4,
442 1856 485 1920 ad
517 1857 648 1921 decreta
671 1856 773 1937 1625;
811 1856 980 1945 parochiae
1013 1856 1103 1922 enim
1133 1881 1192 1922 seu
1216 1880 1304 1922 curae

181 1969 373 2036 animarum
398 1970 558 2058 conjungi
579 1970 666 2036 solet
685 1971 900 2056 beneficium,
922 1977 981 2036 aul
999 1971 1121 2036 saltem
1135 1993 1301 2056 conprua,

180 2106 240 2149 seu
259 2085 436 2169 salarium,
459 2084 549 2173 quod
568 2086 741 2150 continere
761 2092 918 2150 censetur
936 2085 1103 2173 stipendia
1122 2085 1303 2150 missarum

174 2220 242 2284 pro
257 2200 407 2284 populo,·
430 2239 473 2249 -
493 2199 524 2264 2.
553 2199 603 2264 Ex
629 2199 804 2264 Benedicti
827 2197 906 2264 XIV
930 2206 1038 2264 const.
1066 2199 1153 2264 Cum
1172 2223 1304 2286 semper

179 2313 322 2396 oblatae,
346 2312 386 2378 19
407 2335 486 2400 aug.
509 2314 594 2380 1711
605 2315 626 2396 ³,
648 2317 664 2398 5
683 2313 721 2396 2,
742 2313 801 2379 ubi
820 2313 945 2380 diserte
964 2315 1090 2381 tradit:
1115 2342 1131 2376 ι(
1148 2338 1207 2381 eos
1226 2316 1302 2404 qui-

178 2423 243 2491 bus
262 2427 453 2492 animarum
472 2449 552 2493 cura
571 2427 775 2494 demandata
795 2436 862 2510 est,
884 2452 953 2493 non
976 2429 1076 2494 modo
1100 2429 1300 2494 sacrificium

178 2539 291 2605 missen
323 2540 509 2624 celebrare,
546 2541 606 2606 sed
634 2541 726 2606 illius
752 2543 856 2607 etiam
884 2543 1031 2608 fructum
1061 2543 1209 2608 medium
1239 2565 1300 2631 pro

179 2653 307 2742 populo
327 2653 392 2720 sibi
411 2656 592 2721 commisso
617 2655 786 2744 applicare
810 2655 948 2738 debere,
967 2679 1024 2721 nec
1039 2657 1126 2721 illud
1139 2679 1206 2742 pro
1225 2657 1301 2720 aliia

178 2768 364 2854 applicare,
395 2777 456 2834 aut
482 2791 549 2855 pro
578 2769 778 2855 hujusmodi
808 2770 1028 2856 applicatione
1056 2769 1299 2855 eleemosynam

175 2883 349 2967 percipere
359 2905 467 2969 potae.
485 2912 500 2944 n
515 2921 558 2934 -
574 2883 662 2948 Hine
682 2883 884 2949 contrariam
900 2881 1194 2964 consuetudinem,
1214 2883 1297 2946 reci-

179 2994 294 3082 piendi
318 3018 440 3084 nempe
465 2997 716 3085 eleemosynam
744 3019 804 3085 pro
829 2995 933 3060 missa
958 2992 1158 3083 parochiali,
1185 3017 1298 3082 repro-

177 3107 270 3174 bavit
291 3109 325 3175 S.
349 3109 476 3199 Congr.
500 3109 643 3176 Concilii
653 3112 675 3176 ⁴.
698 3111 866 3196 -Ergo,
892 3109 971 3174 licet
994 3109 1139 3174 offerens
1158 3107 1297 3173 missam

177 3229 271 3312 petat
285 3248 352 3311 pro
367 3225 554 3311 defunctis,
575 3231 634 3289 aut
655 3225 689 3288 in
709 3224 870 3289 bonorem
884 3223 962 3308 Dei,
984 3247 1052 3288 non
1066 3229 1180 3311 potest
1197 3246 1297 3311 paro-

176 3337 259 3403 chus
278 3361 406 3404 morem
426 3339 476 3403 illi
493 3361 629 3426 gerere,
652 3337 925 3427 stipendiumque
944 3339 1110 3426 accipere,
1133 3336 1195 3402 sub
1214 3360 1296 3425 pnn-

175 3457 272 3517 textu
300 3453 392 3540 quod
422 3475 490 3518 non
519 3451 641 3528 debeat
669 3451 790 3518 ovibus
813 3453 883 3518 suis
910 3452 1056 3518 lructum
1082 3451 1296 3518 latreuticum

175 3573 233 3631 aut
251 3566 527 3634 satisfactorium.

206 3777 214 3811 ¹
230 3777 270 3826 Ct.
286 3777 416 3838 Ferraria,
433 3787 462 3826 νο
478 3777 571 3837 Missa,
588 3783 638 3828 art.
655 3785 682 3838 ³,
699 3793 725 3828 n.
741 3781 839 3838 15-17;
853 3805 882 3814 -
898 3777 1038 3840 Gasparri,
1055 3775 1093 3825 Dc
1107 3773 1294 3835 Eucharistia,

173 3872 200 3906 n.
216 3859 275 3916 191,
291 3873 317 3920 p.
331 3863 387 3906 35³.

204 3937 215 3971 ²
229 3936 345 3987 Decreta
359 3937 517 3988 authentica
536 3937 562 3988 S.
580 3939 634 3988 llil.
649 3939 754 4004 Congr,
771 3953 798 3988 n.
815 3941 888 3998 2892,
905 3941 925 3986 t.
939 3953 969 3998 n,
986 3951 1012 4000 p.
1028 3941 1082 3984 327.

204 4017 215 4053 ³
233 4017 304 4068 Bull.
320 4018 430 4077 bened„
446 4021 464 4069 l.
481 4034 502 4078 1,
518 4035 544 4068 n.
558 4035 612 4068 cnr.

203 4103 260 4152 ⁴ln
279 4104 414 4164 Brinien,
435 4111 449 4154 3
471 4107 561 4155 martii
585 4110 658 4166 1⁸55,
680 4120 732 4169 per
750 4103 901 4154 summaria
925 4117 1052 4166 precum;
1073 4103 1141 4152 Acte
1158 4102 1184 4152 S.
1204 4101 1293 4161 Sedis,

173 4187 191 4232 t.
209 4200 230 4244 ι,
247 4199 274 4248 p.
292 4189 331 4235 11.
1098 4195 1099 4198 ’
