3174 5046
395 497 439 547 DE
457 497 616 548 TEMPORE
635 496 893 548 CELEBRATIONIS
912 496 1020 548 MISSAE
1235 495 1269 547 47

139 643 279 728 publiea
303 641 489 728 horologia.
521 639 691 719 Quaeritur
714 664 794 728 ergo
818 646 934 706 utrum
960 641 994 704 in
1019 640 1130 705 officio
1153 641 1268 706 divino

143 757 328 838 recitando,
350 756 385 819 in
406 755 510 820 missa
529 754 742 837 celebranda,
765 761 845 837 ete,
867 761 956 820 stare
971 755 1141 840 possimus
1158 754 1268 842 publi-

142 870 191 935 cis
215 869 417 955 horologiis,
440 891 483 933 an
506 869 620 956 potius
641 869 737 956 sequi
759 877 933 933 teneamur
955 867 1131 956 horologia
1150 868 1268 934 horam

141 982 286 1048 localem
304 983 471 1048 notantia.
493 982 668 1064 -Porro,
683 982 760 1047 huie
776 983 914 1071 praecise
928 984 1083 1070 quaesito‚
1103 981 1137 1048 S.
1156 983 1268 1048 Poeni-

142 1096 315 1177 tentiaria‚
350 1119 411 1184 pro
443 1097 580 1162 dioecesi
608 1096 864 1184 Neapolitana¹‚
891 1096 945 1161 die
972 1096 1012 1162 10
1040 1096 1128 1184 junii
1164 1096 1264 1178 1873,

141 1211 341 1298 respondit:
365 1237 380 1270 a
404 1210 462 1274 Ad
477 1211 629 1296 primam
644 1218 793 1296 partem,
809 1211 1036 1295 affirmative,·
1057 1211 1205 1296 negative
1224 1213 1268 1275 ad

140 1325 354 1390 secundam¹.
380 1353 395 1384 »
419 1325 520 1411 Ergo,
537 1324 638 1412 juxta
656 1323 720 1388 hoc
739 1346 953 1412 responsum,
970 1347 1152 1410 possumus
1172 1324 1267 1412 sequi

140 1438 260 1503 horam
276 1439 437 1524 legalem·
450 1439 522 1520 sed,
540 1445 579 1503 ut
593 1445 699 1527 patet,
718 1461 899 1526 possumus
915 1438 1012 1526 sequi
1027 1439 1129 1504 etiam
1148 1437 1266 1503 horam

142 1552 292 1618 localem.
1210 1509 1238 1572 υ

186 1667 222 1732 3⁰
244 1665 300 1731 Ab
327 1689 415 1732 anno
443 1666 546 1748 1892,
576 1665 658 1732 hora
686 1667 803 1752 legatie
829 1665 896 1730 alio
920 1665 1021 1731 modo
1041 1666 1266 1732 determinata

141 1787 194 1845 est
212 1804 273 1868 pro
293 1780 498 1869 quibusdam
517 1779 724 1868 regionibus.
749 1779 848 1846 Orbis
868 1803 990 1868 nempe
1006 1787 1171 1845 terrarum
1187 1805 1265 1869 sup-

140 1896 278 1982 ponitur
304 1895 450 1977 divisus,
485 1895 615 1960 ratione
644 1895 878 1980 longitudinm,
908 1894 942 1958 in
971 1893 1093 1980 viginti
1120 1903 1266 1983 quatuor

140 2031 242 2074 zonas
260 2009 411 2074 horarias
430 2009 578 2097 aequales
590 2007 750 2096 (fuseaue
761 2007 935 2095 demirer),
949 2029 1093 2096 quarum
1104 2031 1265 2097 unaquae-

141 2145 207 2210 que
232 2123 384 2188 eontinet
412 2123 607 2210 quindecim
631 2122 773 2209 graduS‚
801 2129 835 2188 et
858 2121 999 2210 proinde
1025 2123 1265 2210 correspondet

139 2237 286 2324 tempori
318 2238 418 2301 unius
449 2237 551 2302 liorae.
588 2237 702 2301 Prima
737 2259 820 2301 zona
853 2236 1005 2302 eontinet
1036 2238 1263 2302 meridianum

139 2351 348 2416 Londinenee
367 2349 378 2438 (
385 2351 553 2438 pressius,
577 2351 606 2414 lc
626 2350 788 2415 meridien
807 2351 847 2414 de
868 2348 1093 2435 Greemeieli),
1115 2351 1206 2438 quod
1230 2353 1262 2416 in

139 2463 224 2529 duas
239 2471 354 2552 partes
369 2465 517 2552 aequales
537 2463 687 2528 dividere
707 2463 910 2552 supponitur
924 2464 1019 2528 illam
1038 2486 1173 2547 zonam;
1193 2465 1264 2530 lunc

138 2601 219 2665 ergo
230 2579 339 2666 prima
349 2601 431 2642 zona
442 2578 649 2658 extenditur,
665 2577 737 2642 sive
751 2577 794 2641 ad
807 2577 990 2657 sinistram,
1006 2577 1077 2642 sive
1091 2577 1134 2643 ad
1149 2579 1263 2644 dexte-

138 2713 211 2756 ram
237 2692 415 2756 meridiani
434 2691 676 2772 LondinensiS,
696 2713 805 2778 usque
825 2691 867 2755 ad
885 2699 1011 2775 septem
1033 2693 1163 2776 gradus
1186 2717 1264 2756 cum

132 2805 290 2870 dimidie.
304 2805 459 2872 Secunda
469 2828 564 2886 zona,
575 2804 618 2868 ad
625 2811 756 2892 partem
767 2803 964 2868 orientalem
975 2804 1103 2890 primu,
1112 2805 1264 2870 extendi-

139 2928 195 2985 tur
207 2920 281 3007 ipsa
294 2942 402 3007 usque
411 2919 454 2983 ad
461 2919 656 3008 quindecim
667 2917 809 3006 gradus;
823 2917 923 2983 tertia
936 2940 1031 3000 zona,
1047 2917 1263 2984 adorientem

138 3033 312 3114 secunde,
334 3033 459 3120 pariter
484 3032 679 3098 extenditur
703 3053 811 3119 usque
836 3030 878 3096 ad
903 3030 1097 3119 quindecim
1117 3033 1259 3117 graduS‚

138 3154 173 3212 et
201 3147 249 3212 sic
282 3147 452 3234 deinceps.
487 3147 593 3210 Porro
626 3146 708 3210 hora
743 3145 921 3210 meridiani
952 3145 1178 3211 Londinensis
1211 3155 1263 3213 est

140 3261 224 3325 liora
245 3261 361 3346 legatie
372 3284 438 3346 pro
459 3269 528 3326 tota
547 3283 642 3344 zona,
660 3267 694 3324 ct
714 3259 836 3324 dicitur
853 3260 937 3324 liora
950 3260 1096 3347 Europa
1115 3263 1262 3328 occideri-

139 3375 228 3458 talia,
248 3397 351 3463 quam
371 3374 412 3438 de
437 3374 526 3439 facto
548 3373 682 3462 publice
706 3373 911 3461 adoptarunt
932 3373 1070 3462 Anglia,
1092 3374 1259 3463 Belgium,

139 3488 337 3570 Hellandia,
367 3487 628 3574 Luxemburgus
659 3495 694 3552 et
722 3487 897 3574 Hispania.
925 3487 1088 3553 Similiter
1114 3489 1262 3554 secunda

137 3625 221 3667 zona
249 3600 351 3666 habet
371 3625 468 3666 suam
497 3601 614 3666 horam
644 3599 806 3688 legalem,
836 3624 927 3688 quen,
950 3607 988 3665 ut
1015 3594 1074 3688 pei
1093 3623 1128 3666 se
1148 3609 1258 3689 patet,

136 3737 205 3779 una
232 3715 363 3802 integra
389 3713 471 3779 hora
502 3713 662 3802 praecedit
692 3713 810 3777 horam
836 3713 981 3799 legalem
1005 3713 1122 3801 primae
1151 3737 1257 3794 zona›;

137 3829 208 3893 haec
238 3828 318 3892 hora
351 3827 508 3892 secundae
534 3851 625 3892 zonae
651 3827 775 3892 dicitur
799 3827 883 3892 liora
912 3827 1058 3912 Europa
1083 3831 1260 3914 centralis,

136 3965 240 4030 quam
259 3941 301 4006 de
317 3941 405 4006 sacto
426 3941 632 4030 adoptarunt
650 3941 849 4022 Germania,
879 3941 1036 4022 Austria,
1068 3943 1257 4030 Hungeria,

168 4156 176 4183 ⁴
198 4153 228 4202 ln
248 4169 300 4217 quc
323 4153 431 4218 publicu
453 4153 592 4217 horologia
614 4157 678 4203 tune
698 4153 851 4202 referebant
872 4153 965 4202 horam
982 4153 1058 4217 juxta
1080 4155 1261 4205 meridianum

136 4235 294 4286 Romanum.

166 4315 257 4364 ²Acta
269 4315 294 4364 S.
308 4313 398 4372 Sedis,
415 4317 434 4364 t.
452 4329 502 4375 vn,
518 4329 544 4377 p.
561 4317 683 4362 399-400.
