3224 5044
395 528 439 578 DE
458 526 629 578 Missanun
648 524 878 577 ELEEMOSYNIS
898 523 1111 576 unnunmnus
1264 521 1314 574 107

192 669 298 762 plebit
327 669 529 760 applicando
564 668 650 757 (non
687 669 825 760 quidem
857 669 1005 734 fructum
1040 668 1205 750 medium,
1237 669 1314 758 sed)

192 785 351 874 suffragia
375 807 417 850 ex
434 781 503 850 ritu
522 783 635 849 missae
653 784 695 848 de
715 784 865 871 requiem
884 789 970 849 orta.

237 901 270 968 3⁰
284 899 321 966 Si
340 899 485 965 offerens
504 903 599 988 petat
617 897 757 963 missam
772 919 839 984 pro
858 898 956 982 vivis,
978 897 1134 964 sacerdos
1153 895 1317 962 satisfacit

191 1037 252 1103 per
289 1013 554 1103 applicationem
593 1010 775 1101 cujuslibet
806 1012 939 1093 missae,
983 1012 1086 1077 etiam
1127 1011 1240 1076 missae
1277 1012 1317 1074 de

194 1129 357 1215 requiem.
388 1168 432 1176 —
456 1127 600 1194 Constat
624 1147 631 1195 :
658 1151 689 1192 a.
718 1123 799 1216 lpsa
829 1126 959 1191 ratione
989 1127 1168 1210 canonica,·
1196 1124 1316 1213 petitio

192 1243 283 1308 enim
303 1242 416 1307 missae
430 1265 497 1329 pro
509 1242 626 1329 atiquo
642 1243 725 1326 civo,
743 1265 777 1306 v.
799 1264 848 1328 g.,
868 1245 1009 1326 aegroto,
1026 1245 1215 1327 peccatore,
1234 1239 1313 1319 etc.',

193 1356 288 1424 nullo
319 1357 420 1421 modo
454 1355 615 1444 importat
647 1354 766 1436 ritum,
798 1354 859 1420 sed
889 1359 1022 1418 tantum
1055 1352 1316 1444 applicationem

192 1473 330 1555 fructus
350 1471 451 1534 medii
479 1493 539 1534 seu
557 1469 725 1555 specialis,
752 1467 810 1556 qui
838 1467 929 1533 idem
947 1467 1086 1531 omnino
1112 1466 1218 1532 estin
1242 1466 1318 1554 qui-

193 1581 342 1648 buslibet
366 1583 497 1664 missis3
525 1622 570 1631 -
592 1584 627 1648 b.
656 1582 827 1647 Decitione
852 1581 889 1650 S.
917 1582 986 1648 Rit.
1010 1580 1153 1668 Conpr„
1183 1580 1224 1647 13
1248 1571 1322 1646 oct.

195 1696 305 1763 1856:
330 1725 346 1758 a
375 1698 430 1762 An
454 1697 555 1762 liceat
581 1694 813 1762 sacerdotibus
839 1695 890 1760 uti
918 1696 1126 1784 paramentis
1152 1695 1259 1783 nigris
1284 1701 1318 1760 et

194 1809 363 1876 celebrare
393 1811 534 1876 missam
559 1812 600 1874 de
625 1810 792 1896 requiem,
813 1815 853 1874 ut
883 1809 1094 1874 satisfaciant
1117 1808 1319 1896 obligationi

194 1947 297 2012 quam
323 1929 545 2012 susceperunt
568 1907 760 1989 celelirandi
788 1946 848 2011 pro
868 1923 976 1988 vivis?
1004 1963 1048 1970 —
1076 1923 1316 2009 Affirmatice,

195 2039 293 2103 modo
314 2061 380 2103 non
395 2039 522 2103 diverse
536 2039 784 2124 praeacripserit
802 2038 865 2124 qui
883 2038 975 2102 dedit
994 2037 1279 2124 eleemosynam¹,·
1301 2063 1317 2096 »

193 2189 239 2200 -
251 2174 280 2217 c.
293 2132 509 2216 DecisioneS.
527 2151 654 2238 Conpr.
673 2151 826 2235 Concitii,
841 2151 876 2215 in
891 2151 1055 2234 Romana,
1068 2149 1110 2217 27
1122 2173 1198 2238 aug.
1218 2147 1317 2231 1895,

194 2265 229 2329 in
244 2287 311 2352 qua
330 2265 515 2331 declaravit
529 2266 757 2348 sacerdotem,
775 2265 915 2330 missam
933 2266 982 2360 de
999 2265 1151 2352 requiem
1165 2263 1201 2329 in
1220 2287 1317 2330 exse-

195 2379 284 2468 quiis
306 2380 557 2468 persolvendis,
584 2379 679 2444 nullo
702 2385 838 2467 recepto
862 2379 1048 2468 stipendio,
1075 2378 1316 2460 celebrantem,

194 2515 295 2581 posse
318 2492 488 2582 applicare
511 2492 598 2557 hanc
622 2493 760 2558 missam
780 2494 821 2557 de
850 2493 1001 2580 requiem
1024 2493 1066 2558 ad
1087 2493 1188 2558 aliam
1207 2493 1319 2558 inten-

197 2607 325 2673 tionem
357 2631 418 2697 pro
452 2607 669 2694 eleemosyna
698 2613 850 2695 recepta,
884 2613 919 2672 et
948 2607 1089 2696 proinde
1122 2608 1226 2673 etiam
1259 2631 1319 2696 pro

197 2721 321 2802 vivis²;
348 2759 392 2769 —
414 2721 448 2788 d.
479 2721 549 2786 Usu
574 2721 761 2806 communi,
783 2744 851 2809 quo
876 2720 1083 2802 sacerdotes,
1105 2721 1159 2785 die
1183 2721 1203 2784 2
1223 2745 1317 2804 nov,

198 2832 370 2900 celebrant
393 2835 547 2924 quidem,
578 2858 621 2900 ex
650 2841 818 2924 praecepto
848 2833 1074 2914 rubricarum,
1111 2834 1251 2899 missam
1281 2835 1321 2898 de

192 2950 365 3036 requiem,
392 2949 452 3014 sed
477 2949 572 3014 illam
598 2949 771 3037 applicant
796 2948 840 3014 ad
864 2947 1052 3036 quamlibet
1077 2947 1319 3031 intentionem,

198 3063 300 3128 etiam
315 3087 377 3152 pro
395 3063 484 3129 vivis
498 3064 520 3129 ³.

243 3177 277 3240 [Ρ
295 3177 332 3244 Si
355 3177 501 3243 offerens
524 3185 619 3266 petat
642 3179 779 3242 misaam
793 3179 937 3242 votivam
957 3176 1100 3265 alicujus
1120 3177 1245 3259 sancti,
1267 3177 1323 3242 vel

199 3291 368 3378 mysterii,
403 3291 559 3356 sacerdos
589 3289 788 3378 obligationi
821 3313 889 3357 non
924 3291 1090 3357 satisfacit
1122 3291 1322 3381 applicando

201 3405 337 3469 musam
369 3406 435 3470 diei
471 3406 551 3491 sesti
581 3407 725 3492 duplicia
757 3407 983 3490 occurrentia;
1020 3406 1195 3471 concessio
1232 3407 1323 3472 enim

201 3517 235 3584 S.
258 3519 327 3584 Rit.
355 3517 497 3606 Congu,
523 3527 583 3584 aut
605 3519 720 3608 potius
739 3521 839 3586 Rom.
866 3519 1058 3602 Pontificis‚
1078 3521 1113 3584 in
1138 3543 1238 3609 supra
1263 3521 1320 3587 cit.

201 3631 336 3698 decreto
356 3635 376 3700 ὅ
397 3655 475 3720 aug.
496 3633 593 3717 1662,
611 3655 680 3698 non
694 3632 786 3699 valet
800 3633 866 3697 nisi
880 3657 941 3721 pro
956 3633 1070 3698 missis
1094 3634 1134 3698 de
1155 3635 1305 3720 requiem
1310 3654 1325 3718 ;

236 3867 244 3902 ¹
261 3871 329 3919 Acta
340 3870 366 3919 S.
385 3869 475 3929 Sedis,
492 3873 511 3920 t.
528 3885 623 3930 xxvm,
644 3886 671 3934 p.
689 3875 743 3919 127.
758 3897 789 3906 -
804 3869 870 3920 Haec
886 3871 987 3920 decisio
1003 3886 1055 3920 non
1073 3873 1115 3920 est
1128 3872 1199 3936 apud
1213 3871 1327 3924 Decreta

202 3949 369 4000 authentica.

235 4023 246 4056 ¹
262 4023 329 4070 Acta
343 4021 368 4071 S.
385 4021 475 4081 Sedis,
490 4021 567 4080 ibid,
582 4037 609 4086 p.
626 4026 745 4071 125-126.

235 4101 246 4136 ²
263 4101 323 4151 Non
338 4103 409 4150 enim
425 4105 557 4161 miremur,
575 4102 626 4151 hac
643 4103 699 4163 die,
715 4103 851 4165 applicare
865 4104 975 4152 missam
986 4118 1040 4166 pro
1057 4102 1184 4153 omnibus
1199 4103 1329 4168 fidelibus

204 4179 357 4244 defunctio,
373 4183 413 4232 uti
429 4197 478 4244 per
493 4197 523 4232 se
537 4185 614 4245 patet
627 4182 703 4246 (quio
720 4183 815 4231 nullibi
831 4186 998 4246 praeceptum
1013 4184 1083 4248 est),
1102 4189 1129 4233 ct
1143 4187 1174 4233 ut
1188 4185 1329 4248 respondit

206 4261 234 4310 S.
248 4261 344 4326 Congr.
361 4263 426 4322 Rit,
446 4262 473 4310 in
492 4277 546 4311 una
561 4261 772 4322 Dalmatiarum,
790 4267 964 4328 taug.166³,
983 4265 1017 4312 ad
1037 4269 1064 4326 9;
1083 4265 1198 4314 Decreta
1215 4263 1329 4316 autbert-

209 4339 273 4401 tica,
288 4357 314 4390 n.
331 4347 405 4404 1275,
421 4344 440 4391 t.
459 4357 481 4402 r,
499 4357 526 4406 p.
543 4347 597 4390 262.
