3174 5046
400 505 444 554 DE
463 503 619 554 TEMPORE
639 504 897 556 CELEBRATIONIS
917 506 1024 556 lllSSAE
1243 501 1276 556 37

151 648 357 717 Benedictus
381 647 460 711 XIV
486 647 645 712 toleravit
669 647 702 711 in
724 671 783 712 sua
805 649 943 713 dioecesi
964 649 1187 732 Bononiensi,
1209 671 1277 714 non

151 761 453 828 animadvertendo
480 761 515 824 in
542 761 708 848 parochos
736 761 801 826 isto
828 761 930 825 modo
961 761 1171 827 celebrantes
1189 766 1210 843 ¹,
1234 801 1278 810 -

150 869 225 942 tum
248 875 328 964 quia
352 873 558 954 Gardellini‚
581 874 616 938 in
643 875 734 940 Nota
758 875 801 938 ad
826 874 1058 962 supradictum
1084 875 1274 958 decretum,

151 989 193 1056 28
219 989 296 1077 julii
324 988 441 1070 18212,
471 994 586 1075 aperte
617 987 709 1054 favet
742 989 820 1053 huic
847 990 1100 1070 consuetudini,
1130 989 1276 1078 allegata

150 1105 255 1171 etiam
273 1103 448 1170 Benedicti
467 1103 546 1168 XIV
566 1103 768 1169 auctoritate
780 1105 801 1168 ³.

195 1220 231 1286 3⁰
250 1217 371 1296 Quoad
389 1217 473 1282 allas
491 1218 641 1282 ecclesias
660 1223 695 1282 et
718 1219 882 1300 oratoria,
909 1218 999 1282 idem
1022 1217 1203 1283 dicendum
1226 1225 1278 1283 est

151 1354 190 1397 ac
209 1355 311 1420 supra
331 1332 372 1397 de
392 1331 475 1397 seria
490 1331 520 1396 V
535 1331 570 1395 in
586 1330 691 1396 Coena
711 1332 862 1414 Domini,
879 1353 1001 1419 nempe
1023 1331 1058 1395 in
1078 1331 1146 1396 illis
1168 1331 1278 1396 omni-

151 1445 214 1511 bus
239 1445 391 1512 ecclesiis
415 1452 449 1510 et
472 1445 646 1527 oratoriiS,
668 1468 813 1532 quorum
837 1452 986 1510 rectores
1006 1444 1063 1531 jus
1089 1444 1215 1510 habent
1240 1451 1279 1510 ut

151 1559 323 1625 celebrent
342 1559 482 1624 missam
502 1559 691 1624 solemnem
713 1559 774 1623 hac
797 1559 877 1624 leria
894 1559 935 1640 V,
951 1583 1050 1647 posse
1069 1559 1172 1624 etiam
1191 1558 1278 1624 cele-

151 1673 255 1756 brari,
278 1672 419 1738 sabbato
440 1681 574 1754 sancto,
603 1673 742 1737 missam
763 1673 967 1755 solemnem,
989 1679 1023 1738 et
1046 1679 1185 1761 propter
1203 1695 1278 1738 eas-

151 1788 228 1852 dem
247 1788 407 1853 rationes.
431 1786 644 1852 Conferenda
664 1793 743 1851 sunt
762 1809 842 1874 ergo
863 1809 938 1874 qum
958 1787 1162 1874 supradicta
1179 1795 1274 1866 sunt,

151 1925 185 1967 n.
209 1903 276 1984 15,
297 1901 386 1967 6⁰et
406 1902 453 1966 7⁰.

195 2017 231 2080 40
246 2015 281 2081 Si
301 2015 392 2102 quod
408 2014 531 2080 festum
552 2016 592 2078 de
607 2023 774 2100 praecepto
795 2014 921 2079 incidat
945 2014 978 2078 in
999 2013 1178 2079 sabbatum
1199 2035 1277 2078 san-

143 2137 260 2211 ctum,
282 2129 354 2194 haec
373 2128 515 2194 dicenda
537 2149 544 2194 :

194 2267 225 2308 a.
247 2243 322 2308 Nisi
342 2243 431 2308 adsit
451 2242 668 2330 privilegium
688 2243 846 2330 speciale,
869 2241 1081 2308 observanda
1096 2249 1149 2308 est
1160 2241 1276 2328 regula

150 2356 319 2444 generalis
347 2379 449 2445 supra
480 2357 533 2444 (n.
559 2357 626 2444 14)
656 2357 846 2445 descripta3
873 2379 994 2444 nempe
1020 2358 1173 2443 officium
1199 2379 1276 2421 cum
1374 2349 1377 2356 ⁴

152 2472 251 2536 missa
280 2469 553 2536 transferendum
586 2477 638 2534 est
670 2471 713 2536 ad
745 2470 847 2535 aliam
880 2470 970 2535 diem
1007 2469 1149 2536 liberam
1177 2470 1276 2559 juxta

150 2585 319 2666 rubricas,
345 2585 405 2650 sed
423 2586 560 2670 feriatio
580 2592 731 2650 remanet
753 2583 853 2649 affixa
873 2583 1015 2650 sabbato
1035 2592 1169 2666 sancto;
1186 2586 1276 2650 unde

150 2699 213 2764 hac
238 2699 292 2764 die
317 2706 477 2766 tenentur
501 2698 620 2763 fideles
647 2697 818 2764 abstinere
839 2722 858 2762 a
883 2697 1081 2779 servilibus,
1108 2705 1142 2762 et
1161 2697 1277 2763 audire

150 2833 307 2894 sacrum;
330 2813 371 2878 de
391 2791 459 2901 qud
479 2820 595 2878 tamen
615 2813 682 2877 duo
701 2812 871 2878 notanda:
890 2815 920 2876 l.
939 2811 1017 2876 Non
1037 2811 1194 2876 obstante
1214 2811 1277 2876 hac

151 2925 358 3014 obligatione
389 2927 548 2992 audiendi
580 2949 730 3008 sucrum,
759 2949 828 2990 non
859 2925 1103 3013 permittuntur
1130 2925 1192 2989 hac
1223 2924 1276 2989 die

150 3041 263 3106 misser
278 3041 419 3130 privatae
436 3039 542 3126 (sicut
552 3041 586 3105 in
598 3041 717 3106 eodem
729 3063 809 3106 casu
824 3039 1080 3128 permittuntur,
1097 3045 1135 3103 ut
1148 3037 1275 3103 dictum

102 3179 111 3198 ·
150 3163 218 3238 est,
248 3179 281 3220 n.
312 3157 384 3238 15,
413 3155 446 3220 in
472 3155 554 3219 feria
585 3155 614 3217 V
648 3155 682 3219 in
714 3154 819 3220 Coena
847 3153 1014 3242 Domini),
1047 3153 1126 3241 quia
1154 3175 1275 3241 nempe

149 3269 328 3335 sabbatum
355 3277 511 3335 sanctum
535 3275 656 3334 natura
680 3293 740 3335 sua
765 3269 981 3356 eliturgicum
1001 3276 1069 3350 est,
1096 3275 1130 3333 et
1157 3268 1205 3332 ita
1224 3274 1276 3332 est
1341 3311 1346 3322 ·

144 3383 412 3472 jurisprudentia
442 3383 476 3450 S.
507 3383 576 3450 nit.
605 3383 749 3472 Congr,;
772 3423 816 3432 —
835 3385 867 3448 2.
891 3383 985 3448 Licet
1004 3383 1094 3448 adsit
1112 3381 1274 3470 obligatio
1339 3357 1344 3367 ’

149 3498 308 3563 audiendi
347 3521 497 3580 sacrum,
532 3505 696 3581 attamen,
732 3521 808 3563 cum
847 3519 915 3562 non
953 3497 998 3563 sit
1039 3497 1104 3562 nisi
1136 3497 1274 3562 unicum

149 3635 295 3692 sacrum,
313 3635 434 3718 nempe
450 3613 553 3677 missa
567 3612 741 3692 solemnis,
756 3612 884 3677 tardior
896 3618 931 3677 et
940 3611 1084 3697 longior,
1096 3632 1164 3674 non
1174 3610 1274 3673 nimis

148 3727 211 3791 hac
231 3725 272 3791 de
293 3749 328 3791 re
348 3727 495 3792 vexandi
515 3733 595 3792 sunt
614 3727 743 3807 fideles,
766 3727 824 3814 qui
844 3749 911 3790 non
932 3732 1091 3792 tenentur
1110 3724 1273 3789 interesse

148 3841 226 3906 huic
252 3841 378 3922 missae,
412 3840 479 3904 nisi
508 3849 676 3928 quatenus
697 3847 842 3929 possunt
868 3838 996 3927 absque
1022 3839 1117 3927 gravi
1147 3837 1273 3902 incom-

147 3954 261 4019 modo.
302 3994 345 4002 -
375 3953 425 4020 lta
458 3953 644 4036 Cavalieri,
679 3954 817 4036 Merati,
846 3961 926 4032 eto,
962 3975 1048 4042 quos
1086 3957 1273 4040 sequuntur

180 4169 186 4201 ¹
201 4169 278 4226 lust,
294 4167 450 4230 XXXVlll‚
467 4183 492 4216 n.
512 4173 548 4216 11.

177 4249 362 4306 ²Gurdellini‚
380 4263 405 4296 n.
422 4251 495 4308 llas,
512 4249 554 4297 ed.
571 4253 645 4308 1826,
662 4252 681 4298 t.
698 4265 746 4308 vn,
763 4265 789 4313 p.
806 4253 843 4296 76.

178 4331 188 4366 ³
205 4330 244 4378 lta
260 4331 342 4379 etiam
357 4329 391 4378 cl.
408 4329 554 4392 Guspsrri,
570 4329 608 4378 De
623 4329 808 4388 Eucharistia,
825 4345 850 4379 n.
867 4334 910 4388 95,
927 4345 953 4392 p.
970 4335 1008 4376 oo.
