3180 5024
518 551 562 602 DE
581 551 695 604 sacrus
715 553 930 606 UTENSlLlBUS
1235 552 1286 604 '22⁹

387 848 458 922 §4-
481 849 535 907 De
554 853 691 908 ornatu
711 850 843 909 calicis
862 855 899 910 et
919 852 1061 910 altaris.

205 1077 300 1146 123.
314 1115 358 1126 -
378 1077 552 1146 Ornatus
571 1077 707 1146 calicis
728 1097 738 1148 a
760 1079 907 1161 valum,
929 1079 1063 1149 bursa.

204 1195 236 1256 l⁰
254 1192 303 1256 De
322 1193 393 1256 ueto
417 1191 539 1256 calicia.
561 1230 606 1241 -
626 1191 657 1257 l.
680 1189 801 1271 Quoad
825 1194 1020 1280 materiam,
1046 1194 1161 1260 velum
1184 1194 1286 1260 debet

157 1319 230 1372 'esse
261 1329 302 1371 ex
334 1306 455 1390 serica,
484 1315 523 1372 ut
554 1305 686 1371 rubrica
708 1307 913 1395 praescribit,
941 1307 1096 1392 Rubrica
1123 1309 1283 1392 missalia,

155 1426 244 1507 part.
258 1420 301 1502 ll,
317 1417 371 1486 tit.
383 1441 405 1502 1,
422 1443 456 1486 n.
476 1419 490 1483 l
508 1439 515 1486 :
534 1447 550 1482 a
568 1419 652 1486 Eam
668 1419 844 1509 (patenam
860 1421 956 1486 calici
971 1417 1183 1510 impositam)
1200 1423 1285 1509 tegit

154 1559 261 1624 parva
280 1534 369 1623 palla
388 1534 496 1616 linea,
519 1541 593 1600 tum
613 1535 684 1599 velo
702 1535 826 1618 aerico;
845 1543 1074 1601 »nontamen
1094 1535 1286 1602 excluditur

155 1650 224 1715 tela
243 1656 401 1735 arqentea
426 1655 485 1714 aut
508 1667 632 1731 aurea,·
654 1649 812 1714 doctores
835 1649 926 1714 enim
955 1649 1146 1715 assimilant
1170 1649 1284 1714 velum

150 1764 373 1851 paramentis,
399 1769 438 1829 ut
458 1763 573 1828 statim
587 1763 733 1844 dicetur3
756 1801 793 1812 -
806 1763 839 1830 2.
857 1762 976 1842 Quoad
995 1763 1153 1848 colorem,
1170 1763 1284 1828 velum

153 1875 256 1943 debet
279 1897 353 1943 esse
377 1877 498 1942 coloris
517 1885 817 1963 paramentorum,
844 1899 965 1965 nempe
986 1877 1147 1966 planetae,
1169 1875 1282 1958 stolae,

154 1998 236 2071 etc.;
256 1991 342 2057 ratio
362 1997 414 2057 est
433 1991 511 2080 quia
527 1991 641 2056 velum
656 1997 770 2079 tegere
784 1991 884 2057 debet
897 1990 1035 2056 calicem
1047 2013 1150 2077 cuper
1162 1991 1282 2074 altare,

153 2114 188 2173 et
206 2105 348 2198 proinde
374 2112 617 2171 annumeratur
636 2107 849 2192 paramentis
872 2105 1008 2190 altaria,
1038 2105 1126 2194 sicut
1151 2113 1185 2171 et
1211 2105 1284 2193 ipsa

154 2221 281 2302 bursa,
306 2242 405 2307 porro
429 2227 627 2309 paramenta
651 2218 785 2302 altaria
808 2220 896 2285 sicut
915 2219 1136 2302 celebrantis,
1159 2216 1284 2285 debent

152 2357 228 2400 esse
252 2333 373 2399 coloris
393 2333 627 2404 convenientis
651 2333 778 2417 cilicio,
807 2341 845 2400 ut
870 2341 1005 2400 constat
1032 2334 1154 2400 excit.
1182 2356 1283 2422 supra

153 2449 291 2514 rubrica
312 2447 417 2538 (part.
437 2447 468 2528 l,
491 2449 543 2514 tit.
561 2469 660 2530 xvru,
682 2471 716 2515 n.
736 2449 792 2531 l)‘;
810 2488 852 2498 -
875 2450 906 2514 3.
929 2447 1049 2526 Quoad
1070 2469 1281 2532 mensuram,

151 2561 254 2629 debet
278 2585 352 2628 esse
377 2569 448 2628 tam
472 2563 641 2651 amplum,
663 2570 702 2628 ut
726 2563 813 2628 calix
837 2562 1063 2650 undequaque
1083 2563 1138 2626 vel
1160 2562 1281 2627 saltem

150 2677 186 2742 in
220 2683 315 2766 parte
343 2677 504 2743 anteriori
533 2684 644 2743 tolum
677 2677 907 2765 cooperiatur,
947 2683 986 2741 ut
1015 2681 1110 2763 patet
1138 2698 1180 2742 ex
1209 2676 1281 2764 ipsa

150 2793 289 2858 notione
314 2797 347 2857 et
371 2791 485 2858 indole
505 2791 606 2880 hujus
625 2791 832 2880 paramenti,
855 2798 888 2856 et
913 2789 1128 2855 confirmavit
1151 2788 1185 2856 S.
1208 2789 1277 2853 Rit.

149 2905 291 2992 Congr.,
314 2905 348 2970 in
372 2907 589 2990 Urbinatcn.,
612 2907 653 2971 12
669 2907 741 2994 jan.
766 2905 883 2972 lauat

194 3020 284 3085 2⁰Dc
293 3021 396 3087 bursa
405 3022 527 3090 calicia.
540 3059 584 3070 -
593 3021 643 3086 De
654 3021 717 3086 hac
726 3021 772 3086 ait
780 3019 912 3086 rubrica
922 3020 1022 3107 (part.
1031 3017 1075 3101 Il,
1088 3018 1138 3084 tit.
1149 3039 1171 3098 1,
1182 3039 1216 3082 n.
1226 3016 1276 3103 l):

148 3161 165 3196 a
189 3135 299 3223 Super
323 3135 399 3200 velo
428 3135 606 3224 (imposito
632 3134 747 3223 calici)
775 3135 872 3224 ponit
895 3133 1087 3224 (sacerdos)
1117 3134 1275 3214 bursam,

147 3247 272 3314 coloris
281 3257 567 3338 paramentorum,
581 3249 673 3315 intus
687 3248 869 3315 habentem
880 3249 1053 3338 corporale
1063 3247 1238 3336 plicatum.
1260 3273 1275 3306 »

146 3365 404 3428 Annumeratur
427 3363 635 3452 paramentis
661 3363 795 3444 altaris,
824 3370 963 3453 propter
988 3363 1062 3451 ejus
1091 3385 1209 3444 usum,
1242 3367 1275 3426 et

145 3477 287 3566 proinde
308 3477 381 3564 ejus
400 3479 540 3544 materia
560 3478 678 3543 eadem
697 3485 749 3544 est
768 3501 806 3544 ac
827 3479 966 3544 materia
984 3477 1146 3566 planetae,
1164 3475 1271 3556 stola,

49 3609 59 3624 ·
145 3598 227 3674 etc,
248 3592 291 3657 da
311 3614 376 3680 qua
396 3615 498 3680 supra
517 3593 570 3674 (n.
595 3593 695 3682 122)
714 3593 842 3658 dictum
861 3599 929 3673 est;
952 3593 1045 3674 item,
1067 3598 1104 3656 ut
1124 3589 1273 3679 prascri-

144 3704 197 3771 bit
215 3706 287 3796 ipsa
303 3705 360 3772 cit.
383 3705 528 3788 rubrica,
546 3706 620 3794 ejus
635 3707 728 3772 color
747 3707 836 3772 idem
856 3714 908 3772 est
927 3729 965 3772 ac
984 3711 1268 3794 paramentorum.

192 3929 286 3998 124.
301 3968 345 3978 -
364 3929 521 4018 Mappae
540 3929 692 3998 altaris.

192 4046 224 4107 Ιο
242 4043 427 4108 Necessitas
450 4051 483 4107 et
507 4065 669 4109 numerus
694 4065 908 4129 mapparum.
938 4041 1059 4108 -Sic
1084 4037 1270 4129 praescribit

142 4156 293 4239 rubrica,
322 4157 477 4223 Rubricae
502 4159 661 4242 missalia,
689 4164 775 4246 part.
798 4157 905 4238 1‚tit.
928 4177 999 4224 xx:
1028 4183 1043 4216 a
1067 4155 1141 4220 Hoc
1165 4153 1269 4219 altare

176 4369 184 4404 ¹
202 4369 312 4420 Decreta
328 4369 499 4428 authentica,
517 4386 542 4418 n.
562 4375 633 4426 1379,
650 4373 669 4420 t.
687 4385 707 4426 ι,
725 4385 751 4433 p.
767 4375 821 4420 ast.
