3224 5044
569 469 612 518 DE
631 467 739 518 ltllSSlS
759 465 921 517 ruamus
1253 463 1301 516 12³

177 607 302 698 quibus
322 631 423 696 supra
442 608 615 678 diximus:
639 612 690 676 hae
719 611 810 676 enim
835 634 905 676 non
933 609 1092 675 dicuntur
1119 608 1303 698 quotannis

176 722 213 786 in
231 729 448 810 perpetuum,
471 723 532 788 sed
551 725 657 790 semel
671 725 830 791 dicuntur
848 724 883 789 in
902 746 1044 788 numero
1063 723 1299 804 determinato,

175 835 256 902 licet
278 837 391 902 forsan
423 837 453 902 is
476 861 638 904 numerus
661 863 806 927 magnus
830 839 890 922 sit,
919 861 979 926 pro
1010 837 1133 926 quibus
1161 835 1301 926 proinde

176 951 322 1016 traditur
340 949 382 1016 ab
397 952 558 1017 offerente
573 953 789 1041 eleemosyna
804 976 945 1018 numero
966 953 1146 1017 missarum
1160 973 1301 1041 respon-

175 1063 272 1132 dens.

220 1179 267 1244 Ut
285 1185 399 1244 autem
423 1180 487 1246 rite
505 1188 687 1269 peragatur
710 1181 863 1246 fundatio
888 1180 1083 1261 missarum,
1105 1180 1169 1243 tria
1188 1179 1301 1266 requi-

174 1299 312 1376 runtur,
334 1317 455 1384 nempe
474 1297 654 1381 acceptatio
673 1301 765 1383 facta
780 1296 824 1361 ab
842 1295 1022 1378 Instituta,
1042 1295 1173 1359 licentia
1189 1300 1301 1358 aucto-

177 1407 289 1472 ritatis
319 1411 556 1494 competentia,
591 1417 625 1475 et
659 1411 929 1475 investimentum
966 1409 1069 1493 dolia,
1099 1408 1140 1472 de
1177 1405 1301 1496 quibus

176 1520 324 1588 statim:

221 1744 289 1814 62.
315 1747 559 1816 -Primum
583 1749 850 1837 requisitum:
871 1750 1087 1836 acceptatio
1106 1748 1299 1816 Instituti.

175 1897 220 1908 -
234 1859 484 1926 Fundationem
499 1863 666 1952 acceptari
686 1885 823 1928 necesse
843 1869 895 1926 est
909 1861 951 1926 ab
970 1859 1300 1926 administratoribus

177 1973 344 2066 lnstituti,
374 1975 446 2040 sive
470 1977 530 2042 fiat
559 2000 618 2065 per
643 1976 863 2041 donationem
892 1975 981 2040 inter
1006 1975 1119 2058 vitrea,
1149 1974 1221 2038 sive
1240 1995 1300 2061 per

177 2087 440 2153 actum'ultimae
465 2090 679 2156 voluntatis:
703 2091 794 2178 quod
812 2089 886 2178 ipso
908 2088 985 2177 jure
1005 2087 1151 2154 naturali
1170 2087 1299 2152 clarum

175 2207 240 2266 est.
255 2241 298 2249 —
313 2201 457 2267 Donatio
471 2211 595 2286 autem,
612 2208 794 2291 antequam
808 2209 1012 2291 acceptetur,
1025 2201 1175 2268 revocari
1188 2207 1301 2288 potest

175 2337 195 2378 a
214 2314 389 2397 donatore,
408 2324 443 2382 et
462 2317 491 2382 si
511 2317 564 2382 bic
583 2318 748 2384 moriatur
766 2326 844 2384 ante
864 2317 1144 2406 acceptationem,
1162 2315 1299 2380 donatio

175 2428 250 2516 ipso
276 2429 355 2516 jure
381 2431 565 2498 evanescit.
588 2431 685 2498 Unde
709 2439 803 2520 patet
831 2432 1046 2497 fundationes
1076 2428 1300 2517 acceptandas

175 2565 250 2608 esse
270 2565 372 2631 quam
391 2543 554 2632 primum,
572 2552 606 2610 et
619 2546 720 2610 etiam
740 2554 818 2612 ante
834 2545 984 2610 habitam
1004 2545 1176 2610 licentiam
1196 2543 1300 2630 Supe-

177 2655 291 2738 rioris,
318 2658 378 2722 sed
401 2661 466 2724 sub
485 2683 639 2746 capream
669 2661 857 2725 conditione
883 2661 989 2746 hujus
1019 2659 1179 2723 habende
1202 2657 1300 2720 licen·

178 2773 248 2856 tiae,
271 2795 347 2860 quae
370 2773 510 2837 omnino
535 2774 725 2840 necessaria
752 2781 821 2854 est,
852 2781 891 2838 ut
919 2796 1008 2838 nunc
1033 2770 1214 2836 dicendum
1234 2775 1296 2833 est.

222 2997 292 3066 63.
313 3037 358 3045 —-
373 2997 599 3066 Secundum
621 3000 886 3088 requisitum:
911 2997 1072 3066 licentia
1090 2995 1300 3064 auotorita-

176 3113 229 3180 tis
248 3114 521 3200 competentis.

224 3229 256 3289 l⁰
275 3227 447 3291 Fundatio
472 3228 652 3292 missarum
680 3229 713 3292 in
733 3229 886 3314 qualibet
910 3227 1043 3292 ccclesia
1063 3233 1122 3291 aut
1147 3223 1301 3289 instituto

176 3341 252 3424 ficri
268 3341 401 3428 nequit,
425 3341 489 3406 nisi
507 3365 583 3407 cum
601 3342 732 3407 licentia
752 3342 803 3406 vel
822 3341 980 3428 Episcopi
998 3350 1058 3406 aut
1077 3340 1193 3405 vicarii
1204 3361 1302 3424 penc-

179 3455 277 3538 ralis,
298 3455 328 3519 si
346 3463 471 3540 aqatur
489 3456 530 3520 dc
549 3457 682 3521 ccclesia
703 3464 761 3521 aut
783 3457 936 3520 instituto
951 3456 1117 3538 seculari,
1139 3453 1190 3518 vel
1208 3453 1301 3516 Prae-

179 3567 240 3631 iati
269 3569 453 3653 regularia,
475 3569 504 3634 si
529 3577 654 3654 agatur
682 3571 721 3632 dc
753 3571 870 3634 ordine
900 3569 1063 3654 regulari.
1088 3605 1128 3616 -
1157 3566 1301 3632 Constat

178 3681 266 3746 clare
289 3689 470 3770 utrumque
499 3683 639 3748 decretis
662 3706 716 3748 an.
746 3683 847 3764 1625,
874 3705 949 3770 quae
973 3681 1043 3746 vim
1066 3679 1153 3766 legis
1175 3677 1301 3743 habent

179 3793 232 3881 (ut
251 3818 369 3884 supra,
392 3819 426 3862 n.
442 3797 496 3866 48
514 3799 559 3880 l0,
578 3797 705 3861 dictum
725 3797 808 3886 est);
828 3796 876 3860 sic
891 3796 980 3861 enim
997 3795 1061 3859 lert
1075 3795 1246 3858 decretum
1262 3789 1298 3874 5,

177 3909 295 3997 partic.
319 3910 357 3976 3:
381 3909 450 3976 «S.
473 3909 613 3998 Congr.,
629 3910 806 3999 quibusvis
826 3909 994 3998 capitulis,
1012 3906 1176 3994 collegiis,
1197 3905 1301 3972 socie-

177 4022 305 4089 tatibus
331 4032 367 4090 et
391 4024 727 4111 congregationibus,
757 4047 889 4088 necnon
911 4022 1070 4088 omnibus
1098 4027 1131 4087 et
1157 4017 1301 4106 singulis

177 4137 396 4203 ecclesiarum
426 4161 465 4203 ac
495 4139 627 4226 piorum
658 4138 826 4219 locorum,
855 4143 926 4203 tam
953 4135 1165 4202 saecularium
1198 4155 1299 4221 quam

178 4251 400 4337 regularium,
440 4251 691 4340 Superioribus,
724 4252 780 4316 vel
814 4251 890 4317 aliis
931 4250 974 4316 ad
1011 4273 1096 4339 quos
1132 4247 1297 4339 pertinet,
