3180 5024
641 478 686 528 DE
705 477 923 530 saucrlssnlo
943 479 1167 532 SAGRAMENTO

470 803 489 876 5
507 805 542 861 2.
564 803 616 860 De
635 799 810 860 ecclesiis
829 799 870 858 ln
885 801 1025 873 qulbus
1045 802 1192 860 servari
1214 803 1333 876 possit

707 915 816 959 secra
834 902 1090 960 Eucharistiae.

383 1133 477 1202 146.
491 1171 534 1182 -
547 1133 733 1202 Ecclesiae
747 1133 1010 1220 parochiales
1021 1173 1066 1183 —
1075 1135 1116 1198 ln
1131 1135 1279 1200 ecclesiis
1289 1133 1447 1220 parochia·

337 1249 427 1315 libus
444 1254 556 1334 potest
579 1253 611 1310 et
638 1247 736 1311 dehet
755 1249 921 1312 asservari
938 1271 1035 1313 sacra
1055 1249 1292 1314 Eucharistiae.
1314 1287 1356 1297 -
1372 1246 1447 1313 Con-

334 1369 403 1428 stat
425 1385 432 1429 :
456 1361 490 1425 l⁰
513 1361 583 1426 Usu
605 1361 805 1445 universali,
830 1367 905 1427 orto
924 1385 966 1426 ex
986 1385 1100 1427 rerum
1124 1369 1248 1428 natura
1271 1371 1305 1428 et
1323 1360 1447 1427 decretis

332 1474 608 1564 particularibus;
640 1497 718 1540 cum
749 1475 839 1540 enim
869 1474 994 1540 infirmi
1026 1475 1171 1541 debeant
1201 1477 1344 1542 omnino
1373 1474 1446 1540 refici

332 1613 427 1656 sacro
446 1589 587 1671 viatico,
605 1596 788 1677 antequam
807 1589 1006 1671 moriantur,
1029 1597 1064 1655 et
1088 1589 1169 1672 hoc,
1186 1589 1293 1678 juxta
1317 1613 1447 1655 commu-

332 1727 410 1770 nem
434 1703 644 1790 opinionem,
662 1702 739 1790 jure
759 1703 890 1784 divino,
912 1725 1050 1769 neccsse
1075 1709 1127 1768 est
1150 1711 1189 1768 ut
1213 1727 1314 1770 sacra
1337 1701 1447 1770 Eucha-

330 1817 426 1884 ristia
446 1839 578 1904 semper
597 1817 642 1882 sit
660 1838 722 1903 pro
747 1816 815 1880 illis
838 1823 971 1904 parata,
993 1816 1115 1882 saltem
1140 1817 1175 1881 in
1199 1817 1272 1882 illis
1297 1817 1445 1883 ecclesiis.

331 1956 476 2021 quarum
517 1938 679 1996 rectores
708 1937 832 2017 gerunt
869 1953 985 1995 curam
1023 1931 1231 2012 animarum,
1267 1953 1386 2019 nempe
1420 1930 1447 1992 in

329 2045 479 2112 ecclesiis
499 2043 764 2133 parochialibus3
786 2043 864 2108 hinc
888 2044 1062 2110 decretum
1082 2045 1190 2126 istud,
1214 2045 1307 2111 inter
1326 2045 1447 2132 Capitu-

327 2157 411 2223 laria
432 2157 544 2223 Caroli
563 2157 682 2244 Magni
702 2156 779 2246 (lib.
803 2157 834 2240 Ι,
856 2181 885 2224 c.
908 2157 987 2246 cuv)
1004 2177 1011 2224 :
1030 2184 1046 2218 u
1067 2158 1113 2224 Ut
1132 2157 1315 2246 presbyter
1331 2179 1449 2244 semper

327 2271 584 2336 Eucharistiam
618 2273 741 2337 habeat
765 2280 943 2358 paratam,
965 2278 1004 2336 ul
1027 2271 1163 2360 quando
1196 2272 1277 2360 quis
1310 2273 1447 2338 infirma-

327 2385 429 2467 verit,
452 2392 511 2450 aut
537 2385 701 2474 parvulus
729 2385 883 2451 infirmus
911 2385 1029 2467 fuerit,
1059 2386 1175 2451 statim
1201 2409 1283 2452 eum
1310 2409 1448 2452 commu·

326 2499 427 2582 nicet,
445 2522 488 2564 ne
508 2499 580 2564 sine
601 2500 839 2565 communione
863 2500 1059 2566 moriatur¹.
1092 2528 1109 2561 ι)
1137 2482 1237 2578 Quod
1269 2499 1445 2589 capitulum

326 2613 500 2694 transivit,
520 2613 561 2678 de
586 2611 689 2678 verbo
716 2613 759 2678 ad
785 2613 945 2698 verbum,
976 2613 1065 2679 inter
1090 2613 1251 2700 Capituli
1277 2614 1445 2682 Walterii.

327 2727 475 2818 episcopi
495 2727 752 2793 Aurelianensis
768 2727 875 2816 (circa
895 2727 995 2816 867),
1017 2751 1046 2792 c.
1070 2731 1151 2807 vr1³3
1179 2727 1303 2794 deinde
1328 2730 1363 2794 in
1384 2727 1448 2792 col-

325 2843 505 2909 lectionem
525 2841 712 2930 Reginouis
734 2841 810 2931 (qui
830 2865 906 2907 eam
926 2841 1143 2907 concinnavit
1162 2843 1251 2907 circa
1271 2866 1328 2908 an.
1352 2841 1446 2918 910),

324 2956 373 3020 De
392 2957 469 3022 eccl.
492 2955 694 3042 disciplinis,
717 2955 776 3021 lib.
801 2955 827 3038 l,
850 2979 878 3020 c.
902 2956 1018 3035 nx1x⁸;
1041 2955 1076 3020 in
1095 2956 1236 3021 Decreta
1252 2955 1446 3026 Burchardi.

324 3069 383 3136 lib.
405 3069 447 3151 V,
473 3093 502 3135 c.
529 3071 591 3150 x⁴3
615 3069 705 3156 apud
731 3069 870 3134 lvonem
897 3067 1143 3135 Carnotensem
1163 3068 1248 3158 (del.
1272 3093 1304 3135 a.
1328 3069 1445 3152 llll),

323 3181 456 3246 Decreti
486 3206 565 3270 pars
594 3183 647 3264 ΙΙ,
674 3206 702 3248 c.
731 3203 794 3266 xx,
828 3190 862 3248 et
885 3185 1063 3266 Panorm„
1092 3182 1152 3248 lib.
1187 3181 1218 3264 Ι,
1242 3207 1271 3248 c.
1296 3189 1446 3257 .cxr.v11⁵;

323 3293 460 3360 demum
497 3296 532 3359 in
579 3297 761 3362 Decretum
804 3297 979 3382 Gratiani,
1021 3321 1094 3364 can.
1141 3297 1345 3385 Presbyter,
1390 3299 1446 3368 93.

323 3409 403 3476 dist.
426 3408 474 3492 ll,
497 3411 548 3475 Du
567 3431 821 3478 consummamur
842 3413 895 3500 (in
915 3435 982 3501 quo
1002 3413 1155 3479 Gratiani
1175 3435 1305 3479 canone
1324 3413 1447 3478 omissa

323 3531 404 3592 sunt
441 3525 512 3590 haec
550 3524 653 3592 verba
685 3543 692 3591 :
723 3552 740 3587 «
773 3525 845 3592 Aut
881 3527 1044 3614 parvulus
1081 3526 1237 3591 infirmus
1270 3527 1384 3594 fuerit.
1414 3555 1428 3586 r
1437 3529 1445 3587 l

322 3639 436 3721 Unde,
463 3631 601 3728 propter
627 3639 863 3706 auctoritatem
890 3640 1102 3706 collectionis
1126 3641 1297 3724 Gratiani,
1326 3642 1446 3732 praedi-

322 3761 376 3819 cta
400 3753 608 3819 consuetudo
632 3753 829 3820 asservandi
855 3777 984 3820 sacram
1010 3755 1259 3822 Eucharistiam
1282 3755 1316 3821 in
1343 3755 1446 3822 eccle

352 3963 360 3995 ¹
381 3961 551 4026 Capitulcrr'o
567 3976 662 4026 rapum
677 3961 776 4024 franc„
791 3962 833 4011 cd.
850 3962 959 4018 Beluae.
976 3965 995 4013 Ι.
1013 3977 1034 4022 r,
1050 3964 1101 4012 col.
1116 3969 1170 4012 tal.

352 4041 483 4105 ’Mignm
499 4043 528 4092 P.
547 4043 585 4100 L..
603 4045 622 4091 Ι.
637 4057 710 4100 cxix,
727 4041 778 4091 col.
795 4046 848 4090 “etl-l.

351 4121 361 4156 ²
378 4121 459 4178 lbid..
472 4125 496 4172 Ι.
512 4138 611 4181 cxxxii,
628 4122 679 4172 col.
696 4127 749 4172 205.

350 4201 361 4235 ⁴
378 4199 458 4260 mid„
475 4205 495 4252 Ι.
511 4217 572 4260 exn,
589 4204 641 4251 col,
661 4205 713 4250 rel.

349 4281 360 4314 ⁸
377 4279 457 4338 lbid„
476 4285 494 4332 Ι.
513 4283 806 4340 ‹tnxr,col.165,1079.
