3246 5026
274 445 326 502 360
755 447 797 498 DE
818 447 916 498 lsssss

273 612 367 654 onera
382 593 539 672 suscipere
555 593 717 652 missarum
733 589 998 664 celebrandarum,
1015 588 1185 648 dummodo
1201 589 1281 648 infra
1297 588 1398 648 modi-

273 709 342 749 cum
359 697 482 768 tempus
497 688 618 769 possint
632 687 777 747 omnibus
793 685 982 746 satisfacere.

312 784 360 844 Ad
377 783 447 844 Xll.
465 783 614 852 Quamvis
629 805 722 844 onera
739 791 882 864 suscepta
898 782 976 842 infra
992 783 1148 842 modicum
1165 789 1288 862 tempus
1300 779 1399 840 adim·

273 880 348 960 pleri
364 887 531 962 nequeant,
548 880 574 940 si
590 889 693 940 tamen
709 880 849 940 tribuens
863 879 1091 960 eleemosynam
1108 878 1310 960 proeliorum
1326 877 1399 936 mis·

272 997 374 1035 sarum
395 977 604 1036 celebratione
623 976 654 1036 id
674 976 766 1049 sciat,
783 985 814 1036 et
834 975 1024 1048 consentiat,
1042 983 1076 1034 ut
1096 975 1155 1035 illee
1177 983 1252 1034 tunc
1271 974 1398 1033 demum

271 1073 479 1146 celebrentur,
493 1095 564 1133 eum
580 1072 731 1154 susceptis
746 1071 891 1132 oneribus
907 1072 1098 1132 satisfactum
1115 1071 1219 1144 fuerit,
1236 1070 1397 1130 decretum

272 1189 333 1228 nen
361 1169 541 1255 prohibere,
567 1169 733 1251 quominus
758 1189 795 1228 eo
819 1189 893 1228 casu
919 1168 1116 1248 eleemosyna
1142 1167 1314 1248 accipiatur
1339 1185 1398 1246 pro

271 1265 379 1325 iisdem
395 1267 511 1340 missis,
525 1266 615 1348 juxta
631 1265 839 1326 benefactoris
854 1285 1040 1324 consensum
1056 1263 1262 1324 celebrandis.

312 1361 358 1421 nd
375 1362 463 1422 Xlll.
490 1363 554 1422 Has
576 1383 684 1442 poenas
705 1383 767 1421 non
791 1361 904 1421 hahere
926 1361 1044 1434 locum,
1069 1360 1127 1419 nisi
1151 1359 1182 1418 in
1207 1357 1399 1439 suscepturis

271 1477 363 1518 onera
380 1467 529 1539 perpetua
550 1459 714 1518 missarum
735 1456 990 1518 celebrandarum
1006 1457 1072 1516 sine
1092 1456 1216 1516 lieentia
1231 1454 1396 1536 Episcopi,

271 1553 318 1612 rel
334 1554 402 1634 ejus
416 1555 569 1632 generalis
585 1553 708 1628 vicarii,
725 1561 779 1614 aut
795 1552 972 1624 Generalis,
989 1561 1043 1612 aut
1059 1551 1272 1612 Provincialis
1326 1609 1328 1614 .

308 1649 356 1708 Ad
373 1650 456 1712 XlV.
475 1650 714 1731 Comprehendi.

309 1745 356 1806 nd
372 1746 440 1808 XV.
458 1745 528 1806 Non
545 1768 651 1828 posse,
669 1747 726 1806 nisi
742 1745 781 1806 de
796 1767 948 1806 consensu
970 1765 1093 1818 eorum,
1110 1745 1163 1826 qui
1183 1744 1397 1824 eleemosynas

270 1843 428 1918 tribuunt,
447 1851 587 1924 utsupra
604 1844 634 1902 in
651 1843 852 1923 responsione
866 1842 904 1902 ad
923 1847 970 1903 12.

308 1939 356 1998 Ad
372 1940 457 2001 XVl.
475 1939 705 2019 Comprehendi
720 1939 812 1999 etiam
828 1939 967 2018 privatos
983 1937 1171 1998 sacerdotes

308 2035 355 2094 nd
373 2035 471 2095 XVll.
490 2037 618 2096 Numeri
634 2036 846 2116 praefixionem
860 2055 926 2095 esse
942 2035 1054 2094 iterum
1071 2033 1396 2107 faciendam,servata

270 2131 368 2190 forma
385 2131 487 2190 ultimi
502 2131 635 2206 decreti,
652 2131 710 2191 hac
725 2131 763 2190 de
779 2151 811 2190 re
827 2130 914 2192 editi.
930 2207 934 2214 Ι

308 2225 354 2285 sd
371 2225 488 2286 XVlll.
508 2227 582 2285 Esse
597 2227 806 2286 admittendos
822 2227 860 2287 ad
882 2227 1124 2307 professionem,
1141 2226 1166 2284 si
1186 2225 1261 2286 alias
1277 2224 1396 2284 habiles

268 2323 417 2396 existant,
432 2341 468 2381 ac
483 2321 594 2382 deinde
615 2323 645 2380 in
660 2321 766 2404 aliquo
785 2323 848 2382 alio
868 2323 1057 2383 monasterio
1077 2321 1215 2402 ejusdem
1237 2321 1396 2400 religionis

269 2439 334 2479 csse
349 2417 565 2490 collocandos,
584 2418 635 2477 ubi
651 2419 816 2478 commode
831 2419 870 2478 ali
887 2419 1019 2500 possint.

311 2515 359 2574 Ad
376 2515 459 2574 XlX.
482 2513 613 2574 Censuit
626 2515 902 2595 comprehendere.

308 2609 356 2669 nd
377 2610 444 2670 XX.
471 2609 593 2670 Habere
618 2609 721 2671 locum
743 2619 830 2670 extra
856 2609 989 2670 ltaliam.
1014 2645 1052 2656 -
1081 2611 1215 2671 Cosmus
1237 2609 1331 2670 Card.
1356 2609 1396 2670 de

268 2707 392 2768 Torres.
407 2742 447 2751 —
467 2705 577 2788 Prosp.
595 2707 758 2786 Fagnanus
774 2707 890 2785 Congr.
907 2727 985 2768 seer.

309 2805 388 2880 315.
405 2802 485 2863 Cum
505 2811 608 2863 autem
629 2823 723 2883 super
741 2802 908 2882 praemissis
928 2801 1043 2862 diversi
1064 2801 1244 2883 irrepserint
1266 2802 1396 2874 abusus,

269 2899 457 2980 illorumque
472 2899 651 2974 occasione,
668 2898 869 2980 quamplures
890 2899 1026 2979 querelae
1042 2907 1073 2958 et
1092 2919 1236 2959 recursus
1255 2897 1294 2958 ad
1312 2901 1398 2978 Apo-

270 2995 409 3054 stolieam
427 2994 537 3055 Sedem
554 2989 767 3075 pervenerint,
785 2995 912 3074 cupiens
933 2993 1040 3055 eadem
1057 2995 1267 3075 Congregatio
1285 2993 1397 3056 Cardi-

271 3091 387 3151 nalium
411 3091 535 3150 concilii
556 3090 730 3150 Tridentini
755 3091 962 3172 interpretum
987 3091 1166 3172 hujusmodi
1195 3090 1399 3151 detestabiles

270 3187 385 3246 abusus
400 3208 416 3247 e
430 3187 605 3246 Christiana
621 3185 792 3267 Republica
806 3208 862 3268 pro
878 3186 995 3247 viribus
1008 3189 1156 3260 evellere,
1171 3209 1207 3248 ac
1219 3195 1398 3268 opportune

271 3280 434 3361 providere
457 3289 506 3354 ut,
528 3282 658 3341 sublatis
680 3281 842 3344 fraudibus
864 3305 900 3344 ac
921 3283 1085 3345 emendata
1108 3283 1311 3364 negligentia,
1338 3283 1397 3364 pire

270 3375 501 3457 disponentium
516 3397 569 3436 seu
588 3377 822 3438 benefactorum
836 3379 991 3440 voluntati
1011 3379 1088 3440 fides
1104 3379 1223 3440 illibata
1243 3387 1397 3454 servetur,

271 3472 489 3534 defunctorum
506 3472 667 3534 animabus
688 3474 806 3552 integra
823 3483 854 3535 et
868 3483 1011 3556 promptu
1028 3483 1216 3556 praeslentur
1234 3477 1397 3555 suffragia,

271 3569 441 3651 itidemque
457 3569 524 3630 Deo
544 3569 644 3651 major
663 3569 760 3649 gloria
781 3579 812 3630 et
831 3571 969 3631 ecelesiis
989 3572 1188 3652 praestantior
1206 3571 1310 3632 cultus
1329 3571 1398 3632 red-

271 3665 375 3739 datur,
395 3666 510 3746 praevia
533 3667 718 3726 auctoritate
741 3687 796 3746 per
815 3667 1050 3728 Sanctissimum
1070 3669 1110 3730 D.
1133 3667 1282 3728 Nostrum
1303 3669 1399 3728 Inno-

272 3763 408 3822 centium
424 3762 536 3821 Divina
559 3762 759 3823 Providentia
780 3761 895 3843 Papam
912 3763 970 3821 Xll
989 3764 1016 3822 ei
1036 3763 1210 3844 specialiter
1228 3764 1397 3838 attributa,

272 3857 467 3937 infrascripta
491 3857 631 3930 decreta,
653 3857 738 3938 prius
759 3859 791 3917 in
811 3859 989 3940 particulari
1010 3859 1232 3921 nonnullorum
1255 3881 1293 3920 ex
1320 3881 1399 3942 prae·

273 3954 344 4015 fatis
365 3953 581 4013 Cardinalibus
602 3975 657 4034 per
671 3954 874 4014 sanctitatem
890 3955 984 4014 Suam
1005 3956 1170 4036 deputata,
1187 3965 1218 4017 et
1238 3965 1345 4038 postea
1367 3957 1398 4016 in

272 4049 407 4128 generali
422 4049 601 4132 hujusmodi
618 4049 827 4110 Cardinalium
844 4051 1101 4130 congregatione,
1117 4061 1238 4114 mature
1257 4063 1289 4114 et
1308 4073 1399 4114 aceue

274 4153 338 4206 rate
353 4146 506 4219 discussa,
524 4147 699 4224 recognita,
716 4147 905 4220 examinata,
922 4147 1030 4208 edidit.

313 4245 327 4314 ,Ε
352 4243 397 4300 16.
426 4241 459 4300 ln
487 4241 609 4321 primis,
635 4241 814 4322 praeinserta
837 4243 960 4303 decreta
985 4264 1056 4304 cum
1082 4246 1248 4325 premissis
1271 4246 1397 4308 illorum
