3224 5044
33 4445 37 4574 I

251 529 295 580 DE
313 527 578 579 TRANSMISSIONE
598 528 638 579 ET
658 527 881 580 connectione
901 529 1194 582 ctnnnosrnanuu
1239 531 1289 582 ΓΠ

159 674 225 738 eibi
245 681 389 756 retenta,
411 671 647 738 celebrandam
664 674 865 740 committat.
892 674 1083 762 »Cumque
1107 677 1289 764 quaesItum

162 787 281 852 luisset
300 811 320 852 a
334 787 370 853 S.
394 785 534 874 Congr.‚
552 809 633 851 num
652 787 825 853 decretum
841 789 1002 877 applicari
1022 788 1171 872 deberet,
1185 791 1288 856 etiam

161 902 298 988 quando
317 901 527 987 eleemosyna
546 923 697 966 concessa
715 910 798 968 esset
816 902 915 968 solita
936 905 1065 990 major,
1087 927 1287 991 responsum

161 1015 240 1098 luit,
264 1011 420 1101 responso
445 1013 492 1082 10
511 1037 525 1082 .·
547 1043 563 1076 α
586 1014 715 1081 Debere
734 1016 887 1082 absolute
911 1017 1081 1102 inteqram
1106 1019 1288 1106 eleemosy-

162 1151 241 1195 nam
257 1129 407 1194 tribuere
422 1129 589 1194 sacerdoti
606 1129 807 1214 celebranti,
830 1153 888 1196 nec
908 1131 1015 1196 ullam
1043 1131 1135 1197 illins
1152 1141 1289 1217 partem

160 1245 226 1309 sibi
253 1245 396 1308 retinere
418 1246 545 1336 posae¹.
577 1270 593 1306 a
626 1244 707 1308 Hanc
733 1244 883 1326 decreta,
915 1243 1018 1316 simul
1048 1251 1082 1310 et
1107 1267 1287 1333 responsa,

161 1358 270 1446 primo
290 1357 407 1440 edidit,
428 1365 467 1422 ut
486 1357 616 1424 dictum
636 1364 699 1440 est,
721 1357 879 1424 Urbanus
899 1357 991 1440 VIII,
1009 1359 1131 1425 deinde
1151 1360 1290 1448 speciali

161 1472 262 1537 modo
281 1472 495 1537 confirmavit
515 1471 732 1537 Innocentius
751 1471 827 1537 XII.

207 1585 241 1650 2⁰
259 1586 473 1652 Auctoritate
497 1585 689 1650 Alexandri
719 1585 786 1650 VII
788 1637 799 1671 ,
821 1588 896 1675 qui,
923 1587 977 1653 die
1001 1587 1044 1652 2l
1069 1596 1155 1676 sept.
1184 1587 1286 1670 1665,

162 1700 248 1765 hanc
267 1700 547 1788 propositionem,
570 1699 632 1765 sub
652 1722 686 1765 n.
710 1699 742 1782 9,
764 1699 961 1768 damnavit:
980 1729 995 1762 α
1015 1701 1099 1767 Post
1116 1702 1290 1768 decretum
1375 1743 1377 1748 -

162 1813 307 1895 Urbani,
329 1821 443 1903 potest
463 1812 636 1896 sacerdon,
659 1814 712 1879 cui
726 1813 847 1879 'missae
866 1803 1075 1881 celebrandae
1094 1815 1287 1900 traduntur,
1323 1815 1326 1822 ’
1391 1799 1395 1806 ’

161 1951 221 2017 per
246 1929 351 1994 alium
378 1927 589 2009 satisfacere,
625 1927 749 1993 collato
776 1915 978 1993 illi'minori
1009 1929 1195 2018 stipendi0,
1223 1930 1289 1998 alia

162 2049 258 2130 parte
277 2041 438 2131 stipendii
457 2041 522 2107 sibi
541 2045 704 2108 retentat
730 2069 746 2104 »

207 2157 241 2224 3⁰
259 2158 337 2244 Ipsa
359 2157 488 2223 ratione
508 2157 669 2222 naturali.
682 2195 727 2205 -
740 2155 903 2223 Sacerdos
923 2157 1088 2245 recipiens
1104 2157 1290 2246 eleemosy-

162 2293 242 2337 nam
262 2294 323 2360 pro
343 2270 447 2336 missa
466 2269 684 2353 celebranda,
705 2271 814 2360 ipsam
827 2271 1079 2360 eleemosynam
1094 2293 1163 2336 non
1176 2273 1291 2361 acqui-

162 2386 206 2452 rit
225 2385 292 2451 nisi
313 2386 442 2452 ratione
463 2407 523 2450 seu
543 2386 642 2450 titulo
662 2385 891 2472 obliqationia,
913 2409 1016 2476 quam
1034 2385 1189 2469 assumit,
1213 2386 1292 2452 mia-

160 2523 234 2566 aam
248 2499 441 2566 celebrandi
448 2518 463 2582 ,·
474 2499 697 2588 supponimus
710 2501 800 2566 enim
809 2522 878 2565 non
886 2500 1005 2566 adesse
1013 2500 1115 2566 aliam
1124 2501 1290 2566 rationem

162 2636 223 2682 seu
243 2613 383 2680 titulum
397 2613 626 2678 extrinsecum
641 2613 688 2700 (v.
704 2637 753 2701 g.,
769 2614 993 2701 cognationis,
1011 2614 1179 2696 amicitiae,
1195 2615 1287 2703 etc.);

162 2749 255 2817 ergo,
279 2729 308 2792 si
327 2727 460 2792 abdicet
479 2751 497 2792 a
513 2749 549 2793 se
562 2727 648 2792 hanc
663 2726 919 2815 obligationem,
937 2728 1031 2793 illam
1046 2728 1290 2793 committendo

161 2842 259 2908 alteri
279 2841 459 2923 sacerdoti,
477 2864 516 2907 eo
536 2841 611 2929 ipso
631 2840 766 2906 abdicat
785 2841 889 2907 etiam
908 2865 927 2906 a
946 2863 982 2906 se
1001 2839 1189 2929 quemlibet
1208 2841 1290 2906 titu-

161 2957 233 3024 lum
252 2957 420 3022 retinendi
439 2956 595 3046 quamvis
618 2962 751 3043 partem
770 2955 1008 3042 eleemosynae.
1029 2993 1073 3004 -
1093 2953 1164 3020 Nec
1188 2954 1291 3021 refert

161 3071 253 3159 quod
269 3069 387 3136 tribuit
402 3068 612 3135 celebraturo
629 3069 797 3135 sacerdoti
812 3068 1065 3156 eleemosynam
1077 3074 1286 3152 consuetam,

160 3193 293 3252 retento
313 3191 447 3250 tantum
467 3183 531 3248 sibi
551 3205 692 3250 excessu
716 3183 890 3272 stipendii.
914 3183 1002 3248 Nam
1022 3183 1131 3249 fidelis
1150 3183 1209 3286 qui
1229 3183 1289 3248 tri-

160 3300 235 3366 buit
258 3299 509 3385 eleemosynam
533 3298 632 3363 solita
658 3297 836 3386 majorem,
859 3319 931 3362 eam
952 3306 1058 3364 totam
1077 3298 1137 3364 dat
1161 3298 1288 3364 intuitu

161 3413 357 3496 ministerii,
383 3433 505 3500 nempe
529 3409 766 3477 celebrationis
789 3411 918 3492 missae,
943 3412 1037 3498 qnod
1054 3411 1224 3497 postulat,
1255 3418 1290 3477 et

159 3526 301 3615 proinde
320 3532 392 3591 tota
411 3524 553 3592 debetur
572 3523 622 3590 illi
637 3524 803 3590 sacerdoti
818 3524 876 3612 qni
891 3524 933 3590 de
949 3523 1036 3590 Iacto
1050 3523 1187 3590 exbibet
1202 3524 1288 3589 illud

160 3640 398 3707 ministerium.
421 3638 457 3706 Si
480 3661 561 3726 ergo
580 3637 738 3704 sacerdos
757 3638 816 3726 qui
835 3638 944 3726 primo
964 3637 1083 3726 recipit
1101 3637 1288 3724 eleemosy-

159 3777 250 3837 nam,
262 3753 410 3842 aliquam
421 3752 495 3841 ejus
502 3757 634 3839 partem
642 3751 799 3832 retineat,
809 3749 896 3816 hanc
908 3749 1031 3816 retinet
1041 3757 1159 3816 contra
1167 3749 1288 3816 volun-

160 3875 265 3934 tatem
288 3866 415 3950 fidelis,
441 3873 476 3932 et
499 3865 572 3930 sine
595 3863 666 3930 ullo
686 3863 817 3930 titulo³.
841 3865 884 3930 Et
908 3864 954 3930 ita
977 3886 1096 3930 omnes
1115 3863 1283 3930 doctores.

192 4103 200 4137 ¹
219 4103 369 4154 iunocentii
385 4101 435 4151 x11
457 4105 545 4152 const.
566 4102 668 4167 Nuper,
684 4105 709 4162 §5
728 4105 814 4160 o‚15;
834 4099 905 4150 Ball.
927 4114 1005 4159 rom,
1021 4103 1041 4150 t.
1060 4113 1098 4160 rx,
1113 4114 1140 4162 p.
1157 4102 1215 4161 tot,
1230 4102 1284 4149 ⁴68.
1331 4083 1339 4096 ’

190 4185 202 4219 ¹
220 4183 291 4233 anit.
309 4198 386 4241 rom,
402 4185 423 4232 t.
439 4197 480 4243 vr,
495 4197 558 4246 pars
573 4188 602 4244 6,
617 4197 644 4246 p.
660 4185 699 4231 ⁸5.

191 4265 257 4314 ¹Ct.
279 4263 439 4327 Planatelli,
460 4261 681 4313 Consultationea
702 4259 851 4320 canonica,
874 4263 893 4310 t.
914 4275 949 4320 ιν,
970 4273 1046 4311 cone.
1071 4265 1126 4321 23¹1,
1152 4275 1178 4310 n⁴
1200 4264 1212 4309 7
1233 4275 1284 4324 sq..

32 4319 35 4440 l.
157 4345 279 4394 Coloniae
293 4343 395 4402 anob,
411 4347 486 4404 1718,
501 4358 529 4406 p.
544 4348 600 4393 376.

265 4457 350 4492 ursan.
1111 4438 1143 4490 ¹2
