3246 5026
506 469 550 520 DE
567 468 700 520 JEJUNIO
720 467 958 521 EUGHARISTICO
1244 468 1294 522 337

171 614 298 679 tionem
325 613 454 695 missae,
480 611 555 676 alia»
581 617 715 678 tantum
741 613 1033 694 comnrunionem3
1061 622 1296 704 proponuntur

163 735 205 818 'et
223 727 453 793 discutiuntur
468 724 535 790 sub
554 725 722 813 capitibus
741 749 815 816 quae
835 735 1050 816 sequuntur:
1284 715 1286 720 ,

217 846 252 908 t⁰
273 841 418 907 Sacrum
443 842 613 926 inceptum
633 843 891 927 perficiendum.
917 881 961 892 —
985 843 1035 909 De
1059 866 1126 931 quo
1150 845 1221 910 herc
1245 845 1297 909 di-

172 957 302 1024 cenda:

216 1072 259 1136 A.
283 1070 318 1136 Si
337 1069 493 1135 sacerdos
513 1076 590 1158 post
604 1071 892 1136 consecrationem
914 1072 1028 1160 (etiarn
1043 1073 1145 1138 unius
1164 1079 1297 1138 tantum

173 1184 308 1273 speciei)
329 1184 502 1264 moriatur,
525 1184 581 1248 vel
600 1183 699 1249 aliter
722 1185 936 1273 impediatur,
958 1209 1001 1250 ne
1021 1187 1160 1252 missam
1184 1209 1299 1276 prose-

173 1305 306 1387 quatur,
329 1305 410 1363 tunc
434 1298 520 1362 alius
545 1299 717 1381 sacerdos,
739 1301 841 1364 etiam
862 1321 927 1365 non
945 1302 1093 1387 jejunas
1114 1301 1155 1390 (si
1174 1306 1297 1390 preesto

173 1436 241 1478 non
261 1414 305 1478 sit
320 1412 487 1500 jejunus),
503 1413 642 1478 missam
661 1413 820 1502 prosequi
839 1413 951 1480 debet.
971 1415 1043 1479 Hoc
1062 1416 1171 1503 primo
1192 1421 1299 1481 statu-

173 1535 246 1593 tum
266 1533 333 1607 est,
351 1533 389 1591 ut
409 1526 654 1613 supradictum
673 1535 725 1592 est
745 1527 793 1614 (n.
812 1528 905 1608 1⁷3,
923 1529 989 1616 40),
1007 1551 1026 1593 a
1046 1529 1188 1595 concilio
1203 1529 1298 1595 Tole-

174 1648 253 1706 tano
269 1639 348 1720 Vll,
366 1663 441 1706 ean.
459 1641 496 1720 23
519 1641 611 1729 quod
629 1641 754 1729 ubique
774 1648 947 1729 receptum
968 1642 1041 1708 suit.
1061 1643 1111 1708 De
1131 1667 1199 1731 quo
1219 1667 1299 1710 casu

175 1757 223 1821 sic
242 1761 397 1821 statuunt
416 1755 571 1820 Rubriae
591 1755 754 1838 Miscalic,
778 1763 864 1843 part.
888 1755 953 1837 111,
970 1758 1024 1823 tit.
1047 1777 1085 1836 x,
1103 1779 1137 1822 n.
1161 1759 1206 1826 3:
1231 1757 1298 1824 «Si

175 1869 332 1935 sacerdos
358 1875 436 1936 aute
462 1869 752 1935 consecrationem
778 1870 928 1957 graviter
953 1871 1155 1952 infirmetur,
1184 1871 1239 1936 vel
1265 1871 1300 1934 in

176 2006 348 2073 syncopen
367 1983 539 2064 inciderit,
562 1990 620 2049 aut
640 1984 814 2065 moriatur,
836 1983 1107 2071 praetermittitur
1127 1985 1242 2050 missa.
1264 1984 1300 2050 Si

175 2105 252 2187 post
267 2097 553 2162 consecrationem
570 2097 728 2185 Corporis
748 2104 898 2180 tantum,
915 2105 993 2163 ante
1013 2098 1301 2164 consecrationem

175 2212 374 2299 Sanguinis,
401 2211 456 2276 vel
481 2217 625 2300 utroque
652 2219 863 2292 consecrato,
890 2212 925 2276 id
952 2212 1089 2296 accidit,
1116 2213 1304 2302 missaper

176 2327 280 2392 alium
304 2325 514 2392 sacerdotem
539 2325 715 2413 expleatur
734 2324 776 2391 ab
801 2349 840 2391 eo
860 2327 952 2408 loco,
973 2326 1032 2392 ubi
1057 2327 1113 2393 ille
1133 2327 1249 2408 desiit,
1272 2335 1304 2390 et

177 2441 212 2505 in
235 2463 313 2506 casu
342 2439 544 2505 necessitatis
567 2440 669 2504 etiam
691 2462 755 2525 per
782 2462 848 2505 non
869 2442 1079 2527 jejunum...
1109 2441 1144 2506 Si
1170 2447 1300 2519 autern,

176 2555 393 2644 semiprolata
418 2553 525 2618 forma
550 2553 724 2641 CorporiS,
753 2554 836 2620 obiit
860 2555 1033 2636 sacerdoS,
1056 2555 1134 2642 quia
1159 2561 1303 2619 nonest

175 2670 264 2736 facta
284 2669 509 2748 consecratio,
528 2690 595 2732 non
615 2674 667 2732 est
686 2690 823 2732 necesse
843 2676 881 2732 ut
900 2668 1003 2732 missa
1023 2690 1084 2756 per
1101 2667 1206 2732 alium
1226 2691 1304 2755 sup-

175 2785 309 2874 pleatur
320 2787 341 2850 ¹.
364 2810 380 2844 »
396 2782 496 2848 Ratio
509 2790 624 2848 autem
640 2805 699 2847 cur
714 2783 817 2846 missa
837 2804 943 2869 usque
959 2781 1001 2846 ad
1014 2781 1303 2846 consecrationem

172 2899 244 2988 jam
262 2899 424 2987 perducta
444 2895 559 2984 pertici
579 2895 700 2962 debeat
719 2919 737 2960 a
758 2895 932 2961 sacerdote
951 2897 1052 2960 ctiam
1073 2917 1138 2960 non
1157 2897 1301 2981 jejuno,

176 3020 229 3080 est
252 3013 310 3102 jus
340 3011 511 3093 divinum,
545 3033 612 3098 quo
642 3010 745 3075 missa
776 3034 793 3074 a
822 3010 957 3076 Christo
981 3010 1136 3074 instituta
1164 3015 1215 3074 est
1245 3033 1305 3097 per

177 3127 316 3193 modum
335 3126 456 3212 totiuS,
479 3131 639 3190 constans
662 3133 805 3212 utraque
827 3125 1078 3190 consecratione
1102 3132 1136 3190 et
1156 3147 1304 3190 commu-

177 3243 293 3324 nione3
320 3264 419 3329 porro
440 3240 497 3328 jus
522 3239 675 3305 divinum
698 3239 859 3327 praevalet
883 3238 1022 3304 cuilibet
1048 3239 1116 3326 legi
1145 3240 1305 3306 ecclesia-

177 3358 283 3424 sticae.

222 3473 260 3539 B.
288 3471 323 3537 Si
347 3470 520 3551 sacerdoS,
546 3469 681 3556 incepta
706 3469 826 3550 missa,
852 3468 1046 3534 recordetur
1073 3493 1108 3535 se
1135 3493 1203 3535 non
1230 3493 1304 3535 esse

172 3585 347 3675 jejunum,
374 3583 652 3670 distinguendum
677 3589 759 3648 est:
787 3581 816 3647 si
841 3581 911 3646 berc
936 3583 1123 3648 recordatio
1150 3589 1304 3648 occurrat

176 3707 256 3789 post
278 3699 566 3765 consecrationem
591 3697 693 3762 etiam
718 3695 818 3762 unius
840 3701 973 3760 tantum
998 3695 1138 3784 speciei,
1165 3719 1304 3784 pergere

177 3813 294 3895 debet,
324 3821 363 3879 ut
394 3819 528 3878 constat
556 3834 575 3875 a
601 3811 730 3875 fortiori
756 3834 798 3876 ex
824 3809 913 3875 dicta
940 3810 1106 3890 Rubrica;
1135 3811 1164 3876 si
1189 3818 1303 3878 autem

177 3935 332 3994 occurrat
350 3927 421 3991 hsce
434 3925 628 3992 recordatio
651 3931 730 3990 ante
755 3927 1059 4006 consecrationem,
1082 3926 1239 3991 sacerdos
1262 3926 1304 3991 ab

178 4042 277 4114 altari
295 4041 450 4108 recedere
466 4039 581 4121 debet,
599 4039 665 4105 nisi
680 4039 769 4106 adsit
789 4039 974 4128 periculum
990 4039 1045 4106 vel
1064 4039 1211 4106 infamiae
1227 4063 1304 4128 pro-

211 4279 219 4312 ¹
236 4279 276 4328 De
292 4279 342 4327 huc
357 4277 476 4337 rubrica,
493 4277 526 4326 ct.
542 4276 649 4334 Quarti,
665 4292 707 4340 op.
724 4275 779 4333 cit,
797 4279 816 4326 t.
833 4292 853 4334 r,
871 4291 896 4339 p.
914 4279 959 4324 403
975 4291 1015 4338 sq.

272 4391 355 4426 mssa.
1127 4373 1161 4422 22
