<?xml version="1.0" encoding="UTF-8"?>
<!DOCTYPE html PUBLIC "-//W3C//DTD XHTML 1.0 Transitional//EN"
    "http://www.w3.org/TR/xhtml1/DTD/xhtml1-transitional.dtd">
<html xmlns="http://www.w3.org/1999/xhtml" xml:lang="en" lang="en">
 <head>
  <title>
</title>
<meta http-equiv="Content-Type" content="text/html;charset=utf-8" />
  <meta name='ocr-system' content='tesseract 3.04.00' />
  <meta name='ocr-capabilities' content='ocr_page ocr_carea ocr_par ocr_line ocrx_word'/>
</head>
<body>
  <div class='ocr_page' id='page_1' title='image "./praelectionesde01manygoog_0158.png"; bbox 0 0 3224 5044; ppageno 0'>
   <div class='ocr_carea' id='block_1_1' title="bbox 548 549 1295 602">
    <p class='ocr_par' dir='ltr' id='par_1_1' title="bbox 548 549 1295 602">
     <span class='ocr_line' id='line_1_1' title="bbox 548 549 1295 602; baseline 0 -2"><span class='ocrx_word' id='word_1_1' title='bbox 548 551 591 600; x_wconf 82' lang='lat' dir='ltr'>DE</span> <span class='ocrx_word' id='word_1_2' title='bbox 610 549 720 600; x_wconf 80' lang='lat' dir='ltr'>iussis</span> <span class='ocrx_word' id='word_1_3' title='bbox 740 549 902 600; x_wconf 80' lang='lat' dir='ltr'>FUNDATIS</span> <span class='ocrx_word' id='word_1_4' title='bbox 1244 549 1295 602; x_wconf 83' lang='grc'><strong>139</strong></span> 
     </span>
    </p>
   </div>
   <div class='ocr_carea' id='block_1_2' title="bbox 156 691 1294 2378">
    <p class='ocr_par' dir='ltr' id='par_1_2' title="bbox 156 691 1294 2378">
     <span class='ocr_line' id='line_1_2' title="bbox 164 691 1294 780; baseline 0 -24"><span class='ocrx_word' id='word_1_5' title='bbox 164 691 334 780; x_wconf 89' lang='lat' dir='ltr'>opinioni,</span> <span class='ocrx_word' id='word_1_6' title='bbox 362 699 400 757; x_wconf 90' lang='lat' dir='ltr'>ut</span> <span class='ocrx_word' id='word_1_7' title='bbox 423 699 557 758; x_wconf 90' lang='lat' dir='ltr'>constat</span> <span class='ocrx_word' id='word_1_8' title='bbox 583 701 655 757; x_wconf 92' lang='lat' dir='ltr'>tum</span> <span class='ocrx_word' id='word_1_9' title='bbox 680 717 722 758; x_wconf 88' lang='lat' dir='ltr'>ex</span> <span class='ocrx_word' id='word_1_10' title='bbox 747 693 816 756; x_wconf 90' lang='lat' dir='ltr'>illis</span> <span class='ocrx_word' id='word_1_11' title='bbox 845 691 1000 780; x_wconf 90' lang='lat' dir='ltr'>pluribus</span> <span class='ocrx_word' id='word_1_12' title='bbox 1027 693 1294 758; x_wconf 85' lang='lat' dir='ltr'><strong>resolutionibus</strong></span> 
     </span>
     <span class='ocr_line' id='line_1_3' title="bbox 164 805 1291 894; baseline -0.001 -24"><span class='ocrx_word' id='word_1_13' title='bbox 164 829 250 893; x_wconf 85' lang='lat' dir='ltr'>quas</span> <span class='ocrx_word' id='word_1_14' title='bbox 269 805 370 872; x_wconf 87' lang='lat' dir='ltr'>refert</span> <span class='ocrx_word' id='word_1_15' title='bbox 396 807 531 888; x_wconf 89' lang='lat' dir='ltr'>Lucidi,</span> <span class='ocrx_word' id='word_1_16' title='bbox 561 807 621 871; x_wconf 88' lang='lat' dir='ltr'>ioe.</span> <span class='ocrx_word' id='word_1_17' title='bbox 649 807 705 871; x_wconf 85' lang='lat' dir='ltr'>cit.</span> <span class='ocrx_word' id='word_1_18' title='bbox 720 809 741 890; x_wconf 86' lang='lat'>¹,</span> <span class='ocrx_word' id='word_1_19' title='bbox 764 811 836 870; x_wconf 90' lang='lat' dir='ltr'>tum</span> <span class='ocrx_word' id='word_1_20' title='bbox 861 807 1048 894; x_wconf 77' lang='lat' dir='ltr'>prasertim</span> <span class='ocrx_word' id='word_1_21' title='bbox 1074 829 1114 871; x_wconf 89' lang='lat' dir='ltr'>ex</span> <span class='ocrx_word' id='word_1_22' title='bbox 1140 806 1291 894; x_wconf 88' lang='lat' dir='ltr'>ejusdem</span> 
     </span>
     <span class='ocr_line' id='line_1_4' title="bbox 162 918 1292 1008; baseline 0 -24"><span class='ocrx_word' id='word_1_23' title='bbox 162 919 333 984; x_wconf 83' lang='lat' dir='ltr'>decisione</span> <span class='ocrx_word' id='word_1_24' title='bbox 344 921 379 984; x_wconf 94' lang='lat' dir='ltr'>in</span> <span class='ocrx_word' id='word_1_25' title='bbox 390 921 539 1004; x_wconf 80' lang='lat' dir='ltr'>Lucane,</span> <span class='ocrx_word' id='word_1_26' title='bbox 556 921 597 985; x_wconf 82' lang='grc'><strong>18</strong></span> <span class='ocrx_word' id='word_1_27' title='bbox 617 918 700 985; x_wconf 89' lang='lat' dir='ltr'>iebr.</span> <span class='ocrx_word' id='word_1_28' title='bbox 726 919 847 1000; x_wconf 67' lang='grc'><strong>171121,</strong></span> <span class='ocrx_word' id='word_1_29' title='bbox 866 919 900 983; x_wconf 91' lang='lat' dir='ltr'>in</span> <span class='ocrx_word' id='word_1_30' title='bbox 915 943 981 1008; x_wconf 91' lang='lat' dir='ltr'>qua</span> <span class='ocrx_word' id='word_1_31' title='bbox 997 921 1109 1008; x_wconf 87' lang='lat' dir='ltr'>agitur</span> <span class='ocrx_word' id='word_1_32' title='bbox 1124 920 1164 985; x_wconf 90' lang='lat' dir='ltr'>de</span> <span class='ocrx_word' id='word_1_33' title='bbox 1180 921 1292 1008; x_wconf 89' lang='lat' dir='ltr'>capel-</span> 
     </span>
     <span class='ocr_line' id='line_1_5' title="bbox 162 1033 1292 1122; baseline 0.002 -25"><span class='ocrx_word' id='word_1_34' title='bbox 162 1033 252 1098; x_wconf 87' lang='lat' dir='ltr'>lania</span> <span class='ocrx_word' id='word_1_35' title='bbox 272 1057 376 1122; x_wconf 89' lang='lat' dir='ltr'>quam</span> <span class='ocrx_word' id='word_1_36' title='bbox 396 1041 538 1100; x_wconf 76' lang='lat' dir='ltr'>testator</span> <span class='ocrx_word' id='word_1_37' title='bbox 557 1033 713 1100; x_wconf 83' lang='lat' dir='ltr'>fundavit</span> <span class='ocrx_word' id='word_1_38' title='bbox 736 1056 814 1098; x_wconf 89' lang='lat' dir='ltr'>eum</span> <span class='ocrx_word' id='word_1_39' title='bbox 838 1056 936 1098; x_wconf 85' lang='lat' dir='ltr'>onere</span> <span class='ocrx_word' id='word_1_40' title='bbox 962 1035 1068 1100; x_wconf 73' lang='lat' dir='ltr'>misse</span> <span class='ocrx_word' id='word_1_41' title='bbox 1087 1035 1292 1122; x_wconf 73' lang='lat' dir='ltr'>quotidiana</span> 
     </span>
     <span class='ocr_line' id='line_1_6' title="bbox 156 1149 1293 1236; baseline 0.001 -24"><span class='ocrx_word' id='word_1_42' title='bbox 156 1169 224 1234; x_wconf 89' lang='lat' dir='ltr'>pro</span> <span class='ocrx_word' id='word_1_43' title='bbox 251 1169 365 1212; x_wconf 86' lang='lat' dir='ltr'>amore</span> <span class='ocrx_word' id='word_1_44' title='bbox 388 1150 451 1214; x_wconf 85' lang='lat' dir='ltr'>Dei</span> <span class='ocrx_word' id='word_1_45' title='bbox 474 1157 507 1212; x_wconf 90' lang='lat' dir='ltr'>et</span> <span class='ocrx_word' id='word_1_46' title='bbox 531 1149 678 1214; x_wconf 86' lang='lat' dir='ltr'>remedio</span> <span class='ocrx_word' id='word_1_47' title='bbox 702 1149 822 1213; x_wconf 85' lang='lat' dir='ltr'>enimae</span> <span class='ocrx_word' id='word_1_48' title='bbox 841 1166 930 1230; x_wconf 84' lang='lat' dir='ltr'>suae,·</span> <span class='ocrx_word' id='word_1_49' title='bbox 948 1170 1054 1236; x_wconf 92' lang='lat' dir='ltr'>quum</span> <span class='ocrx_word' id='word_1_50' title='bbox 1078 1155 1210 1228; x_wconf 85' lang='lat' dir='ltr'>autem,</span> <span class='ocrx_word' id='word_1_51' title='bbox 1232 1171 1293 1236; x_wconf 91' lang='lat' dir='ltr'>per</span> 
     </span>
     <span class='ocr_line' id='line_1_7' title="bbox 161 1261 1290 1350; baseline 0 -24"><span class='ocrx_word' id='word_1_52' title='bbox 161 1269 296 1326; x_wconf 86' lang='lat' dir='ltr'>centum</span> <span class='ocrx_word' id='word_1_53' title='bbox 322 1263 526 1349; x_wconf 77' lang='lat' dir='ltr'>etamplius</span> <span class='ocrx_word' id='word_1_54' title='bbox 550 1285 671 1346; x_wconf 73' lang='lat' dir='ltr'>ennea,</span> <span class='ocrx_word' id='word_1_55' title='bbox 704 1261 871 1350; x_wconf 86' lang='lat' dir='ltr'>capellani</span> <span class='ocrx_word' id='word_1_56' title='bbox 898 1262 1082 1326; x_wconf 90' lang='lat' dir='ltr'>omiserant</span> <span class='ocrx_word' id='word_1_57' title='bbox 1119 1263 1290 1348; x_wconf 73' lang='lat' dir='ltr'>applicare</span> 
     </span>
     <span class='ocr_line' id='line_1_8' title="bbox 160 1375 1290 1463; baseline 0 -25"><span class='ocrx_word' id='word_1_58' title='bbox 160 1397 222 1462; x_wconf 94' lang='lat' dir='ltr'>pro</span> <span class='ocrx_word' id='word_1_59' title='bbox 246 1381 424 1457; x_wconf 80' lang='lat' dir='ltr'>testatore,</span> <span class='ocrx_word' id='word_1_60' title='bbox 451 1377 519 1440; x_wconf 91' lang='lat' dir='ltr'>imo</span> <span class='ocrx_word' id='word_1_61' title='bbox 545 1377 690 1463; x_wconf 85' lang='lat' dir='ltr'>singulis</span> <span class='ocrx_word' id='word_1_62' title='bbox 714 1375 983 1440; x_wconf 86' lang='lat' dir='ltr'>hebdomadibus</span> <span class='ocrx_word' id='word_1_63' title='bbox 1015 1399 1118 1440; x_wconf 86' lang='lat' dir='ltr'>unam</span> <span class='ocrx_word' id='word_1_64' title='bbox 1151 1376 1290 1441; x_wconf 91' lang='lat' dir='ltr'>missam</span> 
     </span>
     <span class='ocr_line' id='line_1_9' title="bbox 161 1489 1289 1580; baseline 0.002 -28"><span class='ocrx_word' id='word_1_65' title='bbox 161 1489 318 1554; x_wconf 90' lang='lat' dir='ltr'>omittere</span> <span class='ocrx_word' id='word_1_66' title='bbox 343 1497 606 1571; x_wconf 81' lang='lat' dir='ltr'>consueverant,</span> <span class='ocrx_word' id='word_1_67' title='bbox 634 1491 724 1580; x_wconf 93' lang='lat' dir='ltr'>quod</span> <span class='ocrx_word' id='word_1_68' title='bbox 752 1490 854 1555; x_wconf 90' lang='lat' dir='ltr'>etiam</span> <span class='ocrx_word' id='word_1_69' title='bbox 883 1491 1090 1578; x_wconf 90' lang='lat' dir='ltr'>descriptum</span> <span class='ocrx_word' id='word_1_70' title='bbox 1123 1491 1232 1556; x_wconf 87' lang='lat' dir='ltr'>luerat</span> <span class='ocrx_word' id='word_1_71' title='bbox 1255 1489 1289 1554; x_wconf 93' lang='lat' dir='ltr'>in</span> 
     </span>
     <span class='ocr_line' id='line_1_10' title="bbox 161 1591 1290 1692; baseline 0 -24"><span class='ocrx_word' id='word_1_72' title='bbox 161 1603 245 1668; x_wconf 85' lang='lat' dir='ltr'>actis</span> <span class='ocrx_word' id='word_1_73' title='bbox 270 1604 483 1670; x_wconf 87' lang='lat' dir='ltr'>Visitationis</span> <span class='ocrx_word' id='word_1_74' title='bbox 507 1605 679 1686; x_wconf 82' lang='lat' dir='ltr'>dioecesis,</span> <span class='ocrx_word' id='word_1_75' title='bbox 703 1605 736 1670; x_wconf 89' lang='lat' dir='ltr'>S.</span> <span class='ocrx_word' id='word_1_76' title='bbox 765 1591 1010 1692; x_wconf 81' lang='lat' dir='ltr'>Congregatio,</span> <span class='ocrx_word' id='word_1_77' title='bbox 1037 1627 1106 1669; x_wconf 94' lang='lat' dir='ltr'>non</span> <span class='ocrx_word' id='word_1_78' title='bbox 1132 1603 1290 1670; x_wconf 86' lang='lat' dir='ltr'>obstante</span> 
     </span>
     <span class='ocr_line' id='line_1_11' title="bbox 161 1717 1289 1808; baseline 0.003 -27"><span class='ocrx_word' id='word_1_79' title='bbox 161 1717 223 1782; x_wconf 90' lang='lat' dir='ltr'>hac</span> <span class='ocrx_word' id='word_1_80' title='bbox 252 1719 443 1784; x_wconf 84' lang='lat' dir='ltr'>centenaria</span> <span class='ocrx_word' id='word_1_81' title='bbox 468 1719 738 1808; x_wconf 64' lang='lat' dir='ltr'>praescriptione,</span> <span class='ocrx_word' id='word_1_82' title='bbox 760 1719 865 1806; x_wconf 89' lang='lat' dir='ltr'>jussit</span> <span class='ocrx_word' id='word_1_83' title='bbox 890 1719 1029 1784; x_wconf 88' lang='lat' dir='ltr'>missam</span> <span class='ocrx_word' id='word_1_84' title='bbox 1053 1719 1289 1806; x_wconf 79' lang='lat' dir='ltr'>quotidianam</span> 
     </span>
     <span class='ocr_line' id='line_1_12' title="bbox 159 1832 1289 1920; baseline 0.003 -25"><span class='ocrx_word' id='word_1_85' title='bbox 159 1832 325 1917; x_wconf 83' lang='lat' dir='ltr'>applicari</span> <span class='ocrx_word' id='word_1_86' title='bbox 343 1856 404 1920; x_wconf 95' lang='lat' dir='ltr'>pro</span> <span class='ocrx_word' id='word_1_87' title='bbox 424 1839 596 1898; x_wconf 80' lang='lat' dir='ltr'>testatore.</span> <span class='ocrx_word' id='word_1_88' title='bbox 619 1871 661 1883; x_wconf 95' lang='lat'>-</span> <span class='ocrx_word' id='word_1_89' title='bbox 681 1834 844 1899; x_wconf 83' lang='lat' dir='ltr'>Attamen</span> <span class='ocrx_word' id='word_1_90' title='bbox 864 1856 931 1898; x_wconf 92' lang='lat' dir='ltr'>non</span> <span class='ocrx_word' id='word_1_91' title='bbox 953 1832 1070 1914; x_wconf 88' lang='lat' dir='ltr'>semel,</span> <span class='ocrx_word' id='word_1_92' title='bbox 1088 1854 1193 1920; x_wconf 93' lang='lat' dir='ltr'>quum</span> <span class='ocrx_word' id='word_1_93' title='bbox 1209 1857 1289 1920; x_wconf 88' lang='lat' dir='ltr'>age-</span> 
     </span>
     <span class='ocr_line' id='line_1_13' title="bbox 160 1944 1286 2032; baseline 0 -23"><span class='ocrx_word' id='word_1_94' title='bbox 160 1944 259 2010; x_wconf 80' lang='lat' dir='ltr'>batur</span> <span class='ocrx_word' id='word_1_95' title='bbox 290 1947 331 2011; x_wconf 90' lang='lat' dir='ltr'>de</span> <span class='ocrx_word' id='word_1_96' title='bbox 358 1969 460 2012; x_wconf 88' lang='lat' dir='ltr'>onere</span> <span class='ocrx_word' id='word_1_97' title='bbox 492 1948 574 2012; x_wconf 80' lang='lat' dir='ltr'>reali</span> <span class='ocrx_word' id='word_1_98' title='bbox 601 1947 799 2028; x_wconf 88' lang='lat' dir='ltr'>missarum,</span> <span class='ocrx_word' id='word_1_99' title='bbox 828 1947 1010 2010; x_wconf 67' lang='lat' dir='ltr'>inhaerente</span> <span class='ocrx_word' id='word_1_100' title='bbox 1034 1947 1136 2011; x_wconf 82' lang='lat' dir='ltr'>elicui</span> <span class='ocrx_word' id='word_1_101' title='bbox 1159 1947 1286 2032; x_wconf 80' lang='lat' dir='ltr'>suado,</span> 
     </span>
     <span class='ocr_line' id='line_1_14' title="bbox 160 2059 1289 2150; baseline 0.001 -26"><span class='ocrx_word' id='word_1_102' title='bbox 160 2060 310 2124; x_wconf 65' lang='lat' dir='ltr'>ecclesie</span> <span class='ocrx_word' id='word_1_103' title='bbox 331 2084 398 2126; x_wconf 92' lang='lat' dir='ltr'>non</span> <span class='ocrx_word' id='word_1_104' title='bbox 419 2062 555 2144; x_wconf 89' lang='lat' dir='ltr'>tradito,</span> <span class='ocrx_word' id='word_1_105' title='bbox 578 2061 636 2150; x_wconf 93' lang='lat' dir='ltr'>qui</span> <span class='ocrx_word' id='word_1_106' title='bbox 655 2069 818 2150; x_wconf 80' lang='lat' dir='ltr'>tanquam</span> <span class='ocrx_word' id='word_1_107' title='bbox 837 2061 915 2149; x_wconf 93' lang='lat' dir='ltr'>plus</span> <span class='ocrx_word' id='word_1_108' title='bbox 935 2060 1090 2126; x_wconf 85' lang='lat' dir='ltr'>minusve</span> <span class='ocrx_word' id='word_1_109' title='bbox 1105 2059 1190 2125; x_wconf 90' lang='lat' dir='ltr'>liber</span> <span class='ocrx_word' id='word_1_110' title='bbox 1204 2083 1289 2125; x_wconf 90' lang='lat' dir='ltr'>ven-</span> 
     </span>
     <span class='ocr_line' id='line_1_15' title="bbox 160 2174 1288 2264; baseline 0.003 -27"><span class='ocrx_word' id='word_1_111' title='bbox 160 2174 252 2238; x_wconf 91' lang='lat' dir='ltr'>ditus</span> <span class='ocrx_word' id='word_1_112' title='bbox 273 2174 380 2240; x_wconf 88' lang='lat' dir='ltr'>iuerat</span> <span class='ocrx_word' id='word_1_113' title='bbox 400 2183 434 2240; x_wconf 88' lang='lat' dir='ltr'>et</span> <span class='ocrx_word' id='word_1_114' title='bbox 452 2183 491 2240; x_wconf 88' lang='lat' dir='ltr'>ut</span> <span class='ocrx_word' id='word_1_115' title='bbox 510 2177 588 2241; x_wconf 85' lang='lat' dir='ltr'>telis</span> <span class='ocrx_word' id='word_1_116' title='bbox 613 2177 701 2241; x_wconf 91' lang='lat' dir='ltr'>bona</span> <span class='ocrx_word' id='word_1_117' title='bbox 726 2177 790 2241; x_wconf 89' lang='lat' dir='ltr'>lide</span> <span class='ocrx_word' id='word_1_118' title='bbox 815 2199 875 2264; x_wconf 90' lang='lat' dir='ltr'>per</span> <span class='ocrx_word' id='word_1_119' title='bbox 895 2175 1133 2262; x_wconf 89' lang='lat' dir='ltr'>longissimum</span> <span class='ocrx_word' id='word_1_120' title='bbox 1154 2182 1288 2264; x_wconf 88' lang='lat' dir='ltr'>tempus</span> 
     </span>
     <span class='ocr_line' id='line_1_16' title="bbox 162 2289 1287 2378; baseline 0.002 -26"><span class='ocrx_word' id='word_1_121' title='bbox 162 2311 341 2376; x_wconf 89' lang='lat' dir='ltr'>possessus</span> <span class='ocrx_word' id='word_1_122' title='bbox 356 2289 481 2371; x_wconf 88' lang='lat' dir='ltr'>iuerat,</span> <span class='ocrx_word' id='word_1_123' title='bbox 496 2291 532 2356; x_wconf 91' lang='lat' dir='ltr'>S.</span> <span class='ocrx_word' id='word_1_124' title='bbox 551 2289 778 2378; x_wconf 85' lang='lat' dir='ltr'>Congregatio</span> <span class='ocrx_word' id='word_1_125' title='bbox 792 2290 977 2356; x_wconf 86' lang='lat' dir='ltr'>declaravit</span> <span class='ocrx_word' id='word_1_126' title='bbox 999 2314 1085 2356; x_wconf 91' lang='lat' dir='ltr'>onus</span> <span class='ocrx_word' id='word_1_127' title='bbox 1107 2290 1287 2356; x_wconf 87' lang='lat' dir='ltr'>missarum</span> 
     </span>
    </p>
   </div>
   <div class='ocr_carea' id='block_1_3' title="bbox 159 2402 1287 2501">
    <p class='ocr_par' dir='ltr' id='par_1_3' title="bbox 159 2402 1287 2501">
     <span class='ocr_line' id='line_1_17' title="bbox 159 2402 1287 2501; baseline 0.004 -35"><span class='ocrx_word' id='word_1_128' title='bbox 159 2402 377 2468; x_wconf 86' lang='lat' dir='ltr'>imminutum</span> <span class='ocrx_word' id='word_1_129' title='bbox 397 2405 451 2469; x_wconf 85' lang='lat' dir='ltr'>vel</span> <span class='ocrx_word' id='word_1_130' title='bbox 471 2413 685 2494; x_wconf 88' lang='lat' dir='ltr'>peremptum</span> <span class='ocrx_word' id='word_1_131' title='bbox 706 2405 824 2487; x_wconf 86' lang='lat' dir='ltr'>luisse;</span> <span class='ocrx_word' id='word_1_132' title='bbox 837 2406 891 2501; x_wconf 89' lang='lat' dir='ltr'>sie</span> <span class='ocrx_word' id='word_1_133' title='bbox 912 2406 946 2470; x_wconf 91' lang='lat' dir='ltr'>in</span> <span class='ocrx_word' id='word_1_134' title='bbox 966 2406 1148 2488; x_wconf 77' lang='lat' dir='ltr'>Perusina,</span> <span class='ocrx_word' id='word_1_135' title='bbox 1167 2405 1287 2491; x_wconf 76' lang='lat' dir='ltr'>Capel-</span> 
     </span>
    </p>
   </div>
   <div class='ocr_carea' id='block_1_4' title="bbox 155 2517 1287 3522">
    <p class='ocr_par' dir='ltr' id='par_1_4' title="bbox 155 2517 1287 3289">
     <span class='ocr_line' id='line_1_18' title="bbox 161 2517 1285 2607; baseline 0.002 -26"><span class='ocrx_word' id='word_1_136' title='bbox 161 2517 269 2601; x_wconf 79' lang='lat' dir='ltr'>laniae,</span> <span class='ocrx_word' id='word_1_137' title='bbox 287 2521 327 2584; x_wconf 78' lang='grc'><strong>15</strong></span> <span class='ocrx_word' id='word_1_138' title='bbox 341 2527 426 2607; x_wconf 91' lang='lat' dir='ltr'>sept.</span> <span class='ocrx_word' id='word_1_139' title='bbox 447 2527 479 2585; x_wconf 90' lang='lat' dir='ltr'>et</span> <span class='ocrx_word' id='word_1_140' title='bbox 500 2521 541 2585; x_wconf 78' lang='lat'>24</span> <span class='ocrx_word' id='word_1_141' title='bbox 556 2543 635 2585; x_wconf 92' lang='lat' dir='ltr'>nov.</span> <span class='ocrx_word' id='word_1_142' title='bbox 660 2519 744 2586; x_wconf 75' lang='lat'><strong>1827</strong></span> <span class='ocrx_word' id='word_1_143' title='bbox 756 2523 779 2601; x_wconf 84' lang='lat'>³,</span> <span class='ocrx_word' id='word_1_144' title='bbox 797 2527 831 2585; x_wconf 86' lang='lat' dir='ltr'>et</span> <span class='ocrx_word' id='word_1_145' title='bbox 850 2521 884 2584; x_wconf 92' lang='lat' dir='ltr'>in</span> <span class='ocrx_word' id='word_1_146' title='bbox 902 2521 1057 2600; x_wconf 70' lang='lat' dir='ltr'>imolen,</span> <span class='ocrx_word' id='word_1_147' title='bbox 1079 2521 1199 2606; x_wconf 77' lang='lat' dir='ltr'>Lepati</span> <span class='ocrx_word' id='word_1_148' title='bbox 1218 2520 1285 2603; x_wconf 84' lang='lat' dir='ltr'>Pii,</span> 
     </span>
     <span class='ocr_line' id='line_1_19' title="bbox 159 2631 1287 2720; baseline 0.003 -27"><span class='ocrx_word' id='word_1_149' title='bbox 159 2631 201 2696; x_wconf 74' lang='lat'>27</span> <span class='ocrx_word' id='word_1_150' title='bbox 221 2631 305 2698; x_wconf 89' lang='lat' dir='ltr'>febr.</span> <span class='ocrx_word' id='word_1_151' title='bbox 335 2631 452 2699; x_wconf 67' lang='grc'><strong>18581.</strong></span> <span class='ocrx_word' id='word_1_152' title='bbox 480 2635 576 2702; x_wconf 86' lang='lat' dir='ltr'>Unde</span> <span class='ocrx_word' id='word_1_153' title='bbox 601 2657 698 2700; x_wconf 90' lang='lat' dir='ltr'>mens</span> <span class='ocrx_word' id='word_1_154' title='bbox 722 2633 757 2700; x_wconf 88' lang='lat' dir='ltr'>S.</span> <span class='ocrx_word' id='word_1_155' title='bbox 785 2634 1157 2720; x_wconf 82' lang='lat' dir='ltr'>Congregationisnon</span> <span class='ocrx_word' id='word_1_156' title='bbox 1178 2641 1287 2698; x_wconf 89' lang='lat' dir='ltr'>estut</span> 
     </span>
     <span class='ocr_line' id='line_1_20' title="bbox 159 2744 1287 2833; baseline 0.002 -25"><span class='ocrx_word' id='word_1_157' title='bbox 159 2744 231 2808; x_wconf 83' lang='lat' dir='ltr'>haee</span> <span class='ocrx_word' id='word_1_158' title='bbox 249 2746 365 2832; x_wconf 85' lang='lat' dir='ltr'>regula</span> <span class='ocrx_word' id='word_1_159' title='bbox 385 2749 512 2814; x_wconf 79' lang='lat' dir='ltr'>Contra</span> <span class='ocrx_word' id='word_1_160' title='bbox 536 2771 602 2813; x_wconf 86' lang='lat' dir='ltr'>non</span> <span class='ocrx_word' id='word_1_161' title='bbox 621 2749 785 2813; x_wconf 78' lang='lat' dir='ltr'>valentem</span> <span class='ocrx_word' id='word_1_162' title='bbox 804 2771 903 2833; x_wconf 76' lang='lat' dir='ltr'>apere</span> <span class='ocrx_word' id='word_1_163' title='bbox 924 2770 989 2812; x_wconf 86' lang='lat' dir='ltr'>non</span> <span class='ocrx_word' id='word_1_164' title='bbox 1008 2749 1117 2812; x_wconf 87' lang='lat' dir='ltr'>currit</span> <span class='ocrx_word' id='word_1_165' title='bbox 1128 2749 1287 2832; x_wconf 75' lang='lat' dir='ltr'>praescri-</span> 
     </span>
     <span class='ocr_line' id='line_1_21' title="bbox 155 2859 1286 2949; baseline 0.001 -27"><span class='ocrx_word' id='word_1_166' title='bbox 155 2859 228 2943; x_wconf 87' lang='lat' dir='ltr'>ptio</span> <span class='ocrx_word' id='word_1_167' title='bbox 249 2867 411 2948; x_wconf 90' lang='lat' dir='ltr'>perpetuo</span> <span class='ocrx_word' id='word_1_168' title='bbox 432 2869 465 2927; x_wconf 89' lang='lat' dir='ltr'>et</span> <span class='ocrx_word' id='word_1_169' title='bbox 484 2859 730 2928; x_wconf 89' lang='lat' dir='ltr'>invariabiliter</span> <span class='ocrx_word' id='word_1_170' title='bbox 749 2861 938 2949; x_wconf 86' lang='lat' dir='ltr'>applicetur</span> <span class='ocrx_word' id='word_1_171' title='bbox 956 2860 1141 2941; x_wconf 78' lang='lat' dir='ltr'>defunetiS,</span> <span class='ocrx_word' id='word_1_172' title='bbox 1164 2861 1286 2924; x_wconf 87' lang='lat' dir='ltr'>saltem</span> 
     </span>
     <span class='ocr_line' id='line_1_22' title="bbox 159 2973 1283 3070; baseline 0.001 -35"><span class='ocrx_word' id='word_1_173' title='bbox 159 2973 312 3060; x_wconf 90' lang='lat' dir='ltr'>quando,</span> <span class='ocrx_word' id='word_1_174' title='bbox 344 2983 381 3039; x_wconf 86' lang='lat' dir='ltr'>ut</span> <span class='ocrx_word' id='word_1_175' title='bbox 405 2976 439 3040; x_wconf 92' lang='lat' dir='ltr'>in</span> <span class='ocrx_word' id='word_1_176' title='bbox 458 2975 589 3041; x_wconf 86' lang='lat' dir='ltr'>ultimis</span> <span class='ocrx_word' id='word_1_177' title='bbox 616 2974 766 3055; x_wconf 77' lang='lat' dir='ltr'>casibus,</span> <span class='ocrx_word' id='word_1_178' title='bbox 789 2974 912 3070; x_wconf 85' lang='lat' dir='ltr'>militat</span> <span class='ocrx_word' id='word_1_179' title='bbox 933 2975 1017 3039; x_wconf 87' lang='lat' dir='ltr'>ratio</span> <span class='ocrx_word' id='word_1_180' title='bbox 1041 2973 1121 3038; x_wconf 93' lang='lat' dir='ltr'>boni</span> <span class='ocrx_word' id='word_1_181' title='bbox 1141 2973 1283 3062; x_wconf 88' lang='lat' dir='ltr'>publici,</span> 
     </span>
     <span class='ocr_line' id='line_1_23' title="bbox 159 3087 1287 3177; baseline -0.001 -26"><span class='ocrx_word' id='word_1_182' title='bbox 159 3094 297 3175; x_wconf 89' lang='lat' dir='ltr'>propter</span> <span class='ocrx_word' id='word_1_183' title='bbox 315 3111 417 3176; x_wconf 91' lang='lat' dir='ltr'>quam</span> <span class='ocrx_word' id='word_1_184' title='bbox 436 3089 575 3154; x_wconf 88' lang='lat' dir='ltr'>inducta</span> <span class='ocrx_word' id='word_1_185' title='bbox 590 3097 642 3154; x_wconf 85' lang='lat' dir='ltr'>est</span> <span class='ocrx_word' id='word_1_186' title='bbox 654 3089 876 3177; x_wconf 64' lang='lat' dir='ltr'>prescriptio,</span> <span class='ocrx_word' id='word_1_187' title='bbox 894 3111 935 3154; x_wconf 92' lang='lat' dir='ltr'>ne</span> <span class='ocrx_word' id='word_1_188' title='bbox 952 3088 1080 3154; x_wconf 89' lang='lat' dir='ltr'>seilicet</span> <span class='ocrx_word' id='word_1_189' title='bbox 1097 3087 1287 3175; x_wconf 80' lang='lat' dir='ltr'>proprietas</span> 
     </span>
     <span class='ocr_line' id='line_1_24' title="bbox 159 3201 988 3289; baseline 0.002 -23"><span class='ocrx_word' id='word_1_190' title='bbox 159 3207 193 3266; x_wconf 90' lang='lat' dir='ltr'>et</span> <span class='ocrx_word' id='word_1_191' title='bbox 212 3201 358 3289; x_wconf 89' lang='lat' dir='ltr'>qualitas</span> <span class='ocrx_word' id='word_1_192' title='bbox 378 3203 605 3268; x_wconf 89' lang='lat' dir='ltr'>dominiorum</span> <span class='ocrx_word' id='word_1_193' title='bbox 625 3209 822 3269; x_wconf 87' lang='lat' dir='ltr'>remaneant</span> <span class='ocrx_word' id='word_1_194' title='bbox 842 3203 988 3268; x_wconf 69' lang='lat' dir='ltr'>incerta.</span> 
     </span>
    </p>

    <p class='ocr_par' dir='ltr' id='par_1_5' title="bbox 160 3315 1286 3522">
     <span class='ocr_line' id='line_1_25' title="bbox 204 3315 1286 3406; baseline 0.005 -28"><span class='ocrx_word' id='word_1_195' title='bbox 204 3316 237 3378; x_wconf 79' lang='lat' dir='ltr'>i⁰</span> <span class='ocrx_word' id='word_1_196' title='bbox 252 3315 287 3381; x_wconf 85' lang='lat' dir='ltr'>Si</span> <span class='ocrx_word' id='word_1_197' title='bbox 303 3317 379 3404; x_wconf 92' lang='lat' dir='ltr'>quis</span> <span class='ocrx_word' id='word_1_198' title='bbox 394 3317 564 3383; x_wconf 73' lang='lat' dir='ltr'>adhaerere</span> <span class='ocrx_word' id='word_1_199' title='bbox 579 3317 663 3382; x_wconf 88' lang='lat' dir='ltr'>velit</span> <span class='ocrx_word' id='word_1_200' title='bbox 678 3317 781 3406; x_wconf 90' lang='lat' dir='ltr'>priori</span> <span class='ocrx_word' id='word_1_201' title='bbox 796 3318 959 3405; x_wconf 89' lang='lat' dir='ltr'>opinioni,</span> <span class='ocrx_word' id='word_1_202' title='bbox 976 3317 1167 3384; x_wconf 85' lang='lat' dir='ltr'>meminerit</span> <span class='ocrx_word' id='word_1_203' title='bbox 1182 3318 1286 3383; x_wconf 86' lang='lat' dir='ltr'>dona·</span> 
     </span>
     <span class='ocr_line' id='line_1_26' title="bbox 160 3429 1286 3522; baseline 0.002 -30"><span class='ocrx_word' id='word_1_204' title='bbox 160 3429 284 3494; x_wconf 85' lang='lat' dir='ltr'>tionem</span> <span class='ocrx_word' id='word_1_205' title='bbox 313 3453 374 3496; x_wconf 90' lang='lat' dir='ltr'>seu</span> <span class='ocrx_word' id='word_1_206' title='bbox 397 3453 533 3496; x_wconf 80' lang='lat' dir='ltr'>caueam</span> <span class='ocrx_word' id='word_1_207' title='bbox 549 3433 661 3518; x_wconf 85' lang='lat' dir='ltr'>piam,</span> <span class='ocrx_word' id='word_1_208' title='bbox 684 3432 718 3496; x_wconf 91' lang='lat' dir='ltr'>in</span> <span class='ocrx_word' id='word_1_209' title='bbox 738 3431 879 3498; x_wconf 88' lang='lat' dir='ltr'>materia</span> <span class='ocrx_word' id='word_1_210' title='bbox 898 3433 1177 3522; x_wconf 67' lang='lat' dir='ltr'>praescriptionis,</span> <span class='ocrx_word' id='word_1_211' title='bbox 1199 3431 1286 3497; x_wconf 90' lang='lat' dir='ltr'>assi-</span> 
     </span>
    </p>
   </div>
   <div class='ocr_carea' id='block_1_5' title="bbox 157 3638 1285 4430">
    <p class='ocr_par' dir='ltr' id='par_1_6' title="bbox 157 3638 1285 4028">
     <span class='ocr_line' id='line_1_27' title="bbox 190 3638 1285 3708; baseline 0.003 -21"><span class='ocrx_word' id='word_1_212' title='bbox 190 3638 198 3671; x_wconf 90' lang='lat'>¹</span> <span class='ocrx_word' id='word_1_213' title='bbox 218 3639 292 3690; x_wconf 86' lang='lat' dir='ltr'>Licet</span> <span class='ocrx_word' id='word_1_214' title='bbox 308 3656 361 3689; x_wconf 91' lang='lat' dir='ltr'>non</span> <span class='ocrx_word' id='word_1_215' title='bbox 376 3643 488 3692; x_wconf 91' lang='lat' dir='ltr'>nimium</span> <span class='ocrx_word' id='word_1_216' title='bbox 508 3645 662 3708; x_wconf 70' lang='lat' dir='ltr'>premenda:</span> <span class='ocrx_word' id='word_1_217' title='bbox 683 3645 737 3693; x_wconf 89' lang='lat' dir='ltr'>sint</span> <span class='ocrx_word' id='word_1_218' title='bbox 757 3645 809 3693; x_wconf 70' lang='lat' dir='ltr'>illas</span> <span class='ocrx_word' id='word_1_219' title='bbox 829 3645 993 3704; x_wconf 56' lang='lat' dir='ltr'>decisionem</span> <span class='ocrx_word' id='word_1_220' title='bbox 1014 3657 1096 3707; x_wconf 91' lang='lat' dir='ltr'>quum</span> <span class='ocrx_word' id='word_1_221' title='bbox 1113 3643 1184 3691; x_wconf 90' lang='lat' dir='ltr'>enim</span> <span class='ocrx_word' id='word_1_222' title='bbox 1200 3643 1285 3691; x_wconf 85' lang='lat' dir='ltr'>multe</span> 
     </span>
     <span class='ocr_line' id='line_1_28' title="bbox 158 3719 1284 3788; baseline 0.003 -21"><span class='ocrx_word' id='word_1_223' title='bbox 158 3719 212 3768; x_wconf 89' lang='lat' dir='ltr'>sint</span> <span class='ocrx_word' id='word_1_224' title='bbox 234 3721 267 3768; x_wconf 87' lang='lat' dir='ltr'>nd</span> <span class='ocrx_word' id='word_1_225' title='bbox 291 3724 524 3786; x_wconf 61' lang='lat' dir='ltr'>praescriptionem</span> <span class='ocrx_word' id='word_1_226' title='bbox 549 3725 691 3788; x_wconf 79' lang='lat' dir='ltr'>requisitu,</span> <span class='ocrx_word' id='word_1_227' title='bbox 715 3739 812 3787; x_wconf 88' lang='lat' dir='ltr'>nempe</span> <span class='ocrx_word' id='word_1_228' title='bbox 834 3725 906 3773; x_wconf 82' lang='lat' dir='ltr'>bonu</span> <span class='ocrx_word' id='word_1_229' title='bbox 927 3723 1006 3784; x_wconf 84' lang='lat' dir='ltr'>tides,</span> <span class='ocrx_word' id='word_1_230' title='bbox 1030 3724 1139 3777; x_wconf 86' lang='lat' dir='ltr'>titulus,</span> <span class='ocrx_word' id='word_1_231' title='bbox 1163 3726 1284 3784; x_wconf 83' lang='lat' dir='ltr'>tempus,</span> 
     </span>
     <span class='ocr_line' id='line_1_29' title="bbox 158 3801 1284 3868; baseline 0.003 -21"><span class='ocrx_word' id='word_1_232' title='bbox 158 3801 294 3862; x_wconf 85' lang='lat' dir='ltr'>possessio</span> <span class='ocrx_word' id='word_1_233' title='bbox 308 3805 385 3864; x_wconf 82' lang='lat' dir='ltr'>epta,</span> <span class='ocrx_word' id='word_1_234' title='bbox 399 3805 461 3862; x_wconf 78' lang='lat' dir='ltr'>etc,</span> <span class='ocrx_word' id='word_1_235' title='bbox 479 3819 532 3852; x_wconf 91' lang='lat' dir='ltr'>non</span> <span class='ocrx_word' id='word_1_236' title='bbox 552 3805 630 3854; x_wconf 78' lang='lat' dir='ltr'>facile</span> <span class='ocrx_word' id='word_1_237' title='bbox 649 3819 757 3868; x_wconf 88' lang='lat' dir='ltr'>semper</span> <span class='ocrx_word' id='word_1_238' title='bbox 771 3807 812 3853; x_wconf 88' lang='lat' dir='ltr'>est</span> <span class='ocrx_word' id='word_1_239' title='bbox 831 3805 983 3852; x_wconf 87' lang='lat' dir='ltr'>discernere</span> <span class='ocrx_word' id='word_1_240' title='bbox 998 3805 1133 3866; x_wconf 82' lang='lat' dir='ltr'>quodnam</span> <span class='ocrx_word' id='word_1_241' title='bbox 1152 3803 1284 3852; x_wconf 81' lang='lat' dir='ltr'>motivum</span> 
     </span>
     <span class='ocr_line' id='line_1_30' title="bbox 157 3879 1284 3950; baseline 0.003 -23"><span class='ocrx_word' id='word_1_242' title='bbox 157 3879 294 3930; x_wconf 88' lang='lat' dir='ltr'>induxerit</span> <span class='ocrx_word' id='word_1_243' title='bbox 313 3879 340 3930; x_wconf 90' lang='lat' dir='ltr'>S.</span> <span class='ocrx_word' id='word_1_244' title='bbox 361 3883 605 3948; x_wconf 76' lang='lat' dir='ltr'>Congregationem</span> <span class='ocrx_word' id='word_1_245' title='bbox 625 3885 658 3934; x_wconf 82' lang='lat' dir='ltr'>ad</span> <span class='ocrx_word' id='word_1_246' title='bbox 675 3886 850 3950; x_wconf 85' lang='lat' dir='ltr'>rejiciendam</span> <span class='ocrx_word' id='word_1_247' title='bbox 869 3884 1116 3948; x_wconf 67' lang='lat' dir='ltr'>prescriptionem,</span> <span class='ocrx_word' id='word_1_248' title='bbox 1133 3883 1284 3946; x_wconf 66' lang='lat' dir='ltr'>praesertim</span> 
     </span>
     <span class='ocr_line' id='line_1_31' title="bbox 157 3961 665 4028; baseline 0.016 -21"><span class='ocrx_word' id='word_1_249' title='bbox 157 3961 265 4022; x_wconf 81' lang='lat' dir='ltr'>quando</span> <span class='ocrx_word' id='word_1_250' title='bbox 280 3977 361 4011; x_wconf 83' lang='lat' dir='ltr'>causa</span> <span class='ocrx_word' id='word_1_251' title='bbox 376 3963 496 4014; x_wconf 86' lang='lat' dir='ltr'>breviter</span> <span class='ocrx_word' id='word_1_252' title='bbox 510 3966 665 4028; x_wconf 88' lang='lat' dir='ltr'>exponitur.</span> 
     </span>
    </p>

    <p class='ocr_par' dir='ltr' id='par_1_7' title="bbox 157 4039 1283 4182">
     <span class='ocr_line' id='line_1_32' title="bbox 188 4039 1283 4108; baseline 0.005 -20"><span class='ocrx_word' id='word_1_253' title='bbox 188 4039 200 4074; x_wconf 86' lang='lat'>²</span> <span class='ocrx_word' id='word_1_254' title='bbox 217 4039 303 4098; x_wconf 85' lang='lat' dir='ltr'>Quam</span> <span class='ocrx_word' id='word_1_255' title='bbox 318 4043 400 4092; x_wconf 76' lang='lat' dir='ltr'>refert</span> <span class='ocrx_word' id='word_1_256' title='bbox 415 4044 572 4103; x_wconf 83' lang='lat' dir='ltr'>ltionacelli,</span> <span class='ocrx_word' id='word_1_257' title='bbox 589 4045 804 4099; x_wconf 85' lang='lat' dir='ltr'>Fermutarium,</span> <span class='ocrx_word' id='word_1_258' title='bbox 825 4049 843 4094; x_wconf 90' lang='lat' dir='ltr'>t.</span> <span class='ocrx_word' id='word_1_259' title='bbox 864 4061 898 4104; x_wconf 81' lang='lat' dir='ltr'>iv,</span> <span class='ocrx_word' id='word_1_260' title='bbox 915 4045 1003 4108; x_wconf 86' lang='lat' dir='ltr'>suppl.</span> <span class='ocrx_word' id='word_1_261' title='bbox 1022 4045 1056 4093; x_wconf 80' lang='lat' dir='ltr'>ad</span> <span class='ocrx_word' id='word_1_262' title='bbox 1072 4047 1090 4093; x_wconf 91' lang='grc'><strong>1.</strong></span> <span class='ocrx_word' id='word_1_263' title='bbox 1108 4059 1139 4096; x_wconf 84' lang='grc' dir='ltr'>ιι.</span> <span class='ocrx_word' id='word_1_264' title='bbox 1157 4059 1181 4091; x_wconf 88' lang='lat' dir='ltr'>n.</span> <span class='ocrx_word' id='word_1_265' title='bbox 1201 4049 1283 4104; x_wconf 67' lang='lat'>53-54,</span> 
     </span>
     <span class='ocr_line' id='line_1_33' title="bbox 157 4125 238 4182; baseline -0.012 -14"><span class='ocrx_word' id='word_1_266' title='bbox 157 4135 184 4182; x_wconf 89' lang='lat' dir='ltr'>p.</span> <span class='ocrx_word' id='word_1_267' title='bbox 200 4125 238 4168; x_wconf 80' lang='lat'>36.</span> 
     </span>
    </p>

    <p class='ocr_par' dir='ltr' id='par_1_8' title="bbox 189 4199 1050 4269">
     <span class='ocr_line' id='line_1_34' title="bbox 189 4199 1050 4269; baseline 0.003 -20"><span class='ocrx_word' id='word_1_268' title='bbox 189 4200 200 4234; x_wconf 80' lang='lat'><strong><em>³</em></strong></span> <span class='ocrx_word' id='word_1_269' title='bbox 219 4199 375 4252; x_wconf 73' lang='lat' dir='ltr'>Thesaurus</span> <span class='ocrx_word' id='word_1_270' title='bbox 390 4203 416 4253; x_wconf 85' lang='lat' dir='ltr'>S.</span> <span class='ocrx_word' id='word_1_271' title='bbox 433 4205 530 4268; x_wconf 77' lang='lat' dir='ltr'>Congr.</span> <span class='ocrx_word' id='word_1_272' title='bbox 546 4205 638 4264; x_wconf 76' lang='lat' dir='ltr'>Cone,</span> <span class='ocrx_word' id='word_1_273' title='bbox 656 4209 675 4255; x_wconf 90' lang='lat' dir='ltr'>t.</span> <span class='ocrx_word' id='word_1_274' title='bbox 692 4221 811 4264; x_wconf 67' lang='lat' dir='ltr'>lxxxvii,</span> <span class='ocrx_word' id='word_1_275' title='bbox 828 4221 854 4269; x_wconf 93' lang='lat' dir='ltr'>p.</span> <span class='ocrx_word' id='word_1_276' title='bbox 871 4211 915 4254; x_wconf 83' lang='lat'>202</span> <span class='ocrx_word' id='word_1_277' title='bbox 931 4221 981 4268; x_wconf 83' lang='lat' dir='ltr'>sq..</span> <span class='ocrx_word' id='word_1_278' title='bbox 998 4209 1050 4253; x_wconf 78' lang='lat'>215.</span> 
     </span>
    </p>

    <p class='ocr_par' dir='ltr' id='par_1_9' title="bbox 158 4279 1284 4430">
     <span class='ocr_line' id='line_1_35' title="bbox 188 4279 1284 4348; baseline 0.005 -20"><span class='ocrx_word' id='word_1_279' title='bbox 188 4279 299 4339; x_wconf 80' lang='lat' dir='ltr'>⁴1bid.,</span> <span class='ocrx_word' id='word_1_280' title='bbox 325 4285 344 4332; x_wconf 91' lang='lat' dir='ltr'>t.</span> <span class='ocrx_word' id='word_1_281' title='bbox 368 4299 453 4344; x_wconf 82' lang='lat' dir='ltr'>cxvu,</span> <span class='ocrx_word' id='word_1_282' title='bbox 473 4301 500 4348; x_wconf 92' lang='lat' dir='ltr'>p.</span> <span class='ocrx_word' id='word_1_283' title='bbox 526 4287 621 4333; x_wconf 79' lang='grc'><strong>13-11.</strong></span> <span class='ocrx_word' id='word_1_284' title='bbox 649 4313 675 4322; x_wconf 94' lang='lat'><em>-</em></span> <span class='ocrx_word' id='word_1_285' title='bbox 701 4285 740 4334; x_wconf 88' lang='lat' dir='ltr'>Ci.</span> <span class='ocrx_word' id='word_1_286' title='bbox 766 4287 847 4336; x_wconf 82' lang='lat' dir='ltr'>etiam</span> <span class='ocrx_word' id='word_1_287' title='bbox 870 4285 970 4348; x_wconf 67' lang='lat' dir='ltr'>solium</span> <span class='ocrx_word' id='word_1_288' title='bbox 994 4301 1081 4334; x_wconf 85' lang='lat' dir='ltr'>enusae</span> <span class='ocrx_word' id='word_1_289' title='bbox 1112 4285 1284 4341; x_wconf 74' lang='lat' dir='ltr'>oxomensis,</span> 
     </span>
     <span class='ocr_line' id='line_1_36' title="bbox 158 4361 880 4430; baseline 0.007 -23"><span class='ocrx_word' id='word_1_290' title='bbox 158 4365 188 4407; x_wconf 74' lang='lat'>26</span> <span class='ocrx_word' id='word_1_291' title='bbox 200 4361 269 4424; x_wconf 88' lang='lat' dir='ltr'>junii</span> <span class='ocrx_word' id='word_1_292' title='bbox 285 4367 359 4422; x_wconf 77' lang='lat'><strong>18973</strong></span> <span class='ocrx_word' id='word_1_293' title='bbox 376 4366 443 4414; x_wconf 79' lang='lat' dir='ltr'>Acta</span> <span class='ocrx_word' id='word_1_294' title='bbox 455 4365 480 4414; x_wconf 90' lang='lat' dir='ltr'>S.</span> <span class='ocrx_word' id='word_1_295' title='bbox 497 4365 586 4424; x_wconf 78' lang='lat' dir='ltr'>Sedis,</span> <span class='ocrx_word' id='word_1_296' title='bbox 601 4368 620 4414; x_wconf 92' lang='lat' dir='ltr'>t.</span> <span class='ocrx_word' id='word_1_297' title='bbox 637 4381 701 4426; x_wconf 83' lang='lat' dir='ltr'>xxx,</span> <span class='ocrx_word' id='word_1_298' title='bbox 718 4381 744 4430; x_wconf 92' lang='lat' dir='ltr'>p.</span> <span class='ocrx_word' id='word_1_299' title='bbox 761 4370 880 4415; x_wconf 72' lang='lat' dir='ltr'>nin-2⁴³.</span> 
     </span>
    </p>
   </div>
   <div class='ocr_carea' id='block_1_6' title="bbox 0 0 1616 5044">
    <p class='ocr_par' dir='ltr' id='par_1_10' title="bbox 0 0 1616 5044">
     <span class='ocr_line' id='line_1_37' title="bbox 0 0 1616 5044; baseline 0 1"><span class='ocrx_word' id='word_1_300' title='bbox 0 0 1616 5044; x_wconf 95' lang='lat' dir='ltr'> </span> 
     </span>
    </p>
   </div>
  </div>
 </body>
</html>
