3246 5026
327 467 379 520 ³22
629 467 674 518 DE
693 465 909 518 saucilssluo
929 463 1150 517 SACRAMENTO

327 611 427 674 solido
442 610 646 671 fundamento
666 609 809 684 nititur¹‚
826 608 899 669 licet
914 588 1041 690 quidam
1061 617 1221 685 auctores,
1237 631 1267 670 v.
1285 632 1328 688 g.‚
1346 609 1377 669 S.
1397 609 1452 670 lsi·

326 715 423 777 dorus
440 715 631 796 Hispalensis
642 713 665 786 ¹,
682 715 787 775 dicant
802 735 835 774 se
854 715 969 775 referre
988 713 1027 774 ad
1047 713 1235 795 apostolicas
1256 714 1449 776 traditiones.

367 937 451 1000 172.
466 969 506 982 -
519 935 674 999 Diffusio
688 952 775 998 usus
785 935 916 1015 ieiunii
928 935 1168 998 eucharistici.

368 1045 398 1102 1⁰
412 1040 451 1102 In
466 1038 612 1102 Ecclesia
626 1038 816 1101 occidentali
829 1059 838 1100 :

365 1148 403 1208 A.
425 1146 541 1208 Tactus
556 1145 659 1206 sancti
670 1143 857 1228 Aupustini.
874 1179 914 1189 -
933 1145 1104 1214 Quaesierat
1119 1146 1158 1205 ab
1175 1147 1243 1227 ipso
1258 1145 1426 1207 lanuarius
1443 1165 1449 1205 :

327 1277 341 1310 ιι
359 1251 439 1320 Quid
465 1273 519 1332 per
540 1251 680 1333 quintam
704 1250 811 1310 leriam
834 1250 952 1310 ultimae
979 1249 1184 1311 hebdomadis
1205 1249 1451 1332 quadragesimae

324 1357 390 1418 sieri
412 1355 547 1416 debeat?
569 1357 617 1416 An
637 1355 829 1415 ollcrendum
850 1354 889 1414 sit
909 1375 1015 1430 mane,
1037 1363 1068 1416 et
1088 1377 1193 1416 rursus
1218 1363 1290 1437 post
1309 1377 1450 1427 coenam,

324 1469 451 1544 propter
466 1462 542 1522 illud
559 1463 641 1542 quod
655 1463 774 1522 dietum
788 1469 852 1522 est:
869 1461 1018 1522 Similiter
1030 1470 1195 1544 postquam
1210 1469 1367 1524 coenatum
1381 1471 1431 1524 est
1439 1463 1453 1522 ⁸?

323 1569 371 1627 An
388 1566 610 1648 jejunandum,
632 1575 664 1628 et
685 1575 756 1648 post
777 1587 897 1628 coenam
920 1567 1138 1628 tantummodo
1159 1568 1377 1628 offerendum?
1402 1571 1453 1628 An

323 1673 416 1734 etiam
438 1671 661 1754 jejunandum,
683 1681 714 1732 et
733 1679 807 1754 post
832 1670 1039 1750 oblationem,
1061 1671 1143 1732 sicut
1165 1672 1271 1754 [acere
1294 1671 1450 1748 solemus,

323 1776 535 1840 caenandum?
553 1802 568 1833 a
594 1813 635 1822 -
654 1779 739 1837 lnter
764 1777 822 1838 alia
850 1785 953 1837 autem
985 1777 1146 1860 respoudit
1172 1777 1197 1838 ei
1226 1779 1451 1857 Augustinus:

324 1909 337 1941 ιι
355 1884 486 1968 Liquido
502 1891 645 1966 apparet,
664 1883 789 1964 quando
811 1883 943 1964 primum
965 1891 1149 1964 acceperunt
1170 1883 1314 1964 discipuli
1334 1904 1453 1964 corpus

322 1997 352 2051 et
366 1990 548 2070 sanguinem
559 1989 696 2063 Domini,
712 2010 775 2048 non
789 2009 841 2050 cos
854 1989 1009 2069 accepisse
1019 1988 1156 2069 jejunos
1170 1989 1328 2070 Numquid
1344 1995 1452 2049 tamen

322 2103 485 2176 propterea
506 2093 758 2154 calumniandum
779 2103 826 2154 est
846 2093 999 2154 uru'uersa’
1013 2092 1166 2154 Ecclesiae
1185 2093 1305 2177 quoda
1319 2093 1453 2176 jejunis

321 2219 444 2281 semper
465 2197 649 2280 accipitur?
672 2199 716 2258 Ex
737 2199 797 2259 hoc
817 2200 897 2259 enim
923 2199 1041 2280 placuit
1060 2200 1187 2279 Spiritui
1209 2201 1340 2273 Sancte,
1363 2207 1396 2259 ut
1419 2200 1450 2260 in

321 2304 472 2364 honorem
505 2303 581 2363 tanti
610 2305 795 2364 sacramenti
821 2305 852 2364 in
884 2325 918 2365 os
949 2304 1108 2364 christiani
1135 2305 1220 2386 prius
1246 2305 1450 2365 Dominicum

320 2431 433 2490 corpus
446 2409 576 2468 intraret
588 2431 681 2490 quam
695 2410 798 2469 caleri
811 2410 887 2483 cibi;
909 2431 979 2469 nam
992 2409 1063 2470 ideo
1070 2429 1132 2491 per
1146 2409 1324 2470 uniaersum
1338 2409 1450 2472 orbem

321 2535 387 2576 mos
407 2513 464 2574 istc
483 2520 637 2575 servatur.
656 2515 763 2596 Neque
783 2515 866 2574 euim
886 2515 958 2597 quia
978 2523 1050 2596 post
1069 2515 1155 2576 cibos
1175 2515 1260 2576 dedit
1276 2515 1449 2590 Dominus,

320 2627 484 2702 propterea
500 2620 604 2702 pransi
623 2629 676 2680 aut
696 2620 810 2680 coenati
831 2621 942 2680 lratrcs
962 2620 1001 2680 ad
1022 2621 1099 2680 illud
1119 2627 1346 2681 sacramentum
1366 2623 1451 2682 acci-

320 2725 467 2807 piendum
486 2726 651 2785 convenire
666 2725 797 2798 debent,
816 2733 870 2784 aut
889 2725 970 2785 sicut
989 2725 1159 2799 iaciebant,
1176 2747 1255 2808 quos
1275 2724 1452 2806 Apostolus

320 2831 422 2911 arguit
446 2839 477 2890 et
501 2830 661 2902 emendat,
687 2831 800 2889 mensis
825 2831 888 2890 suis
914 2830 972 2890 ista
999 2831 1165 2893 miscere...
1192 2830 1252 2890 Sed
1278 2829 1453 2890 nonnullos

321 2936 489 3017 probabilis
505 2935 647 3016 quasdam
664 2935 743 2995 ratio
758 2935 942 3008 delectavit,
958 2943 993 2996 ut
1008 2957 1069 2996 uno
1085 2945 1171 2996 certo
1186 2936 1236 2996 die
1249 2955 1450 3015 perannum,

320 3061 383 3122 quo
411 3041 507 3121 ipsam
539 3062 659 3100 coenam
691 3041 845 3100 Dominus
873 3039 973 3114 dedit,
999 3049 1149 3121 tanquam
1175 3040 1214 3101 ad
1245 3040 1451 3119 insigniorem

320 3146 663 3219 commemorationem,
686 3155 757 3226 post
776 3146 862 3206 cibos
884 3146 986 3206 ollcrri
1007 3154 1037 3206 et
1055 3147 1152 3227 accipi
1173 3147 1265 3207 liceat
1282 3167 1397 3226 corpus
1418 3154 1453 3208 et

321 3249 503 3327 sanguinem
524 3250 661 3311 Domini.
686 3251 855 3310 Honestius
878 3257 981 3311 autem
1008 3250 1143 3311 arbitror
1164 3271 1199 3310 ca
1224 3253 1299 3311 hora
1321 3251 1388 3309 ficri
1414 3261 1448 3311 ut

320 3353 372 3434 qui
393 3352 484 3412 ctiam
502 3353 707 3434 jejunaverit,
729 3363 799 3436 post
822 3355 1022 3416 resectionem
1043 3377 1113 3437 quas
1132 3354 1208 3416 hora
1232 3357 1384 3429 constit,
1408 3357 1451 3416 ad

320 3458 510 3518 oblationem
528 3461 625 3540 possit
640 3481 813 3521 occurrere.
831 3461 1027 3542 Quapropter
1042 3462 1197 3522 neminem
1217 3462 1357 3542 cogimus
1372 3469 1451 3523 ante

320 3565 509 3624 dominicam
525 3563 609 3624 illam
626 3586 745 3625 coenam
762 3566 929 3646 prandere,
947 3565 1000 3625 scd
1021 3566 1098 3626 nulli
1118 3567 1211 3627 etiam
1232 3567 1451 3628 contradicere

320 3671 482 3731 audemus.
502 3671 569 3730 lloc
585 3678 687 3730 tamen
703 3691 764 3730 non
780 3671 915 3732 arbitror
935 3671 1111 3731 institutum
1128 3672 1184 3731 nisi
1201 3672 1273 3752 quia
1294 3672 1399 3752 plures
1417 3682 1450 3732 et

321 3899 348 3908 -
372 3872 482 3932 Saurea,
505 3873 537 3922 ln
558 3873 666 3935 partem
687 3872 730 3921 lll
750 3873 780 3920 ll.
807 3873 928 3930 Thomas,
954 3873 991 3922 De
1015 3873 1203 3932 Eucharistin,
1224 3875 1293 3937 disp.
1318 3872 1448 3928 vanl,

318 3957 384 4001 sect.
401 3968 441 4011 m,
458 3968 483 4001 n.
500 3959 527 4012 3,
541 3953 606 4001 edit.
625 3953 720 4010 Vires,
737 3957 755 4000 l.
773 3967 828 4011 ιιι,
845 3969 871 4016 p.
888 3957 941 4001 511.

350 4033 358 4065 ¹
376 4032 417 4081 lta
432 4034 514 4082 etiam
530 4033 562 4081 D.
581 4033 721 4088 Chamon,
736 4031 856 4082 Histoire
875 4033 922 4082 des
941 4037 1120 4090 ancreruentr,
1141 4034 1158 4082 l.
1177 4034 1200 4088 l.
1217 4037 1282 4083 sect.
1297 4051 1337 4084 ιιι.
1354 4051 1377 4082 c.
1394 4049 1445 4088 ιιι,

318 4114 391 4174 apud
407 4113 512 4176 illisne,
532 4111 687 4177 Tlieolopiar
701 4128 798 4161 rursus
813 4113 919 4176 corripi„
934 4116 952 4162 t.
969 4128 1015 4172 ιι,
1032 4111 1083 4162 col.
1101 4121 1154 4162 290.

345 4191 409 4240 ’De
423 4191 613 4243 ecclesiasticis
628 4191 736 4255 officiis.
754 4193 799 4242 lib.
818 4192 841 4252 1,
858 4208 881 4242 c.
898 4209 974 4252 ιιιιι,
992 4209 1018 4244 ιι.
1034 4199 1061 4246 3:
1078 4195 1181 4257 illicne,
1199 4195 1227 4245 P.
1245 4195 1284 4253 L.‚
1301 4199 1319 4243 t.
1339 4209 1447 4264 ιιιιιιιἱ

312 4270 364 4317 col.
382 4277 436 4322 755.
