3224 5044
733 1121 949 1204 CAPUT
986 1123 1024 1202 V

633 1573 685 1626 DE
722 1571 870 1626 Mlssls
907 1571 1128 1626 FUNDATIS

340 2036 358 2109 5
378 2037 411 2094 1.
433 2039 486 2094 De
505 2035 653 2108 leqlbus
673 1989 869 2092 eanontels
887 2033 990 2092 elren
1010 2035 1134 2108 ipsam
1154 2034 1421 2092 tundatlonem

769 2129 986 2188 missarum.

359 2375 426 2444 61.
447 2415 489 2424 -
509 2377 627 2444 Notio
646 2379 809 2464 praevia.
830 2418 874 2427 —
894 2377 1009 2444 Missae
1028 2379 1199 2463 fundatae¹
1219 2399 1267 2441 eae
1282 2376 1452 2442 dicuntur

315 2513 403 2578 quae,
419 2491 452 2554 in
469 2513 609 2556 numero
625 2493 861 2576 determinato,
875 2493 1070 2580 quotannis,
1085 2493 1349 2578 inperpetuum,
1363 2491 1452 2556 cele-

313 2603 411 2669 brari
429 2605 567 2690 debent,
589 2629 656 2691 pro
675 2607 802 2692 quibus
821 2607 967 2693 proinde
987 2607 1208 2672 constituitur
1227 2607 1361 2690 fundus
1386 2627 1449 2670 seu

313 2719 384 2804 dos,
402 2743 541 2784 numero
558 2721 739 2785 missarum
754 2730 786 2784 et
798 2743 918 2786 earum
928 2720 1152 2806 perpetuitati
1164 2719 1445 2806 proportionata.

315 2834 377 2899 His
393 2834 624 2899 assimilantur
638 2857 713 2922 quae
728 2835 924 2922 quotannis,
939 2857 1006 2898 non
1023 2835 1161 2922 quidem
1176 2835 1210 2898 in
1225 2840 1445 2922 perpetuum,

315 2948 376 3013 sed
409 2949 451 3012 ad
482 2950 686 3012 diuturnum
722 2957 854 3035 tempus
886 2946 1049 3013 celebrari
1077 2947 1219 3030 debent,
1247 2972 1281 3012 v.
1318 2971 1368 3034 g.,
1401 2947 1448 3011 ad

314 3061 559 3149 quinquaginta
584 3085 708 3144 annos,
735 3062 806 3128 sive
831 3063 911 3150 quia
935 3061 969 3126 id
993 3083 1153 3149 expresse
1177 3067 1316 3126 cautum
1336 3067 1390 3126 est
1410 3061 1445 3124 in

314 3174 439 3238 tabulis
463 3174 689 3256 fundationis,
710 3177 782 3241 sive
807 3176 886 3263 quia
910 3177 1009 3241 Rom.
1037 3175 1196 3240 Pontifex
1215 3175 1387 3240 concessit
1407 3181 1443 3238 ut

314 3285 425 3373 legata
450 3295 613 3375 perpetua
641 3288 819 3354 missarum
846 3289 1144 3376 exstinguerentur
1168 3297 1247 3377 post
1272 3288 1445 3376 quinqua-

314 3399 407 3488 ginta
436 3423 543 3465 annos
568 3399 635 3486 (uli
665 3401 745 3466 feeit
768 3426 829 3491 pro
849 3402 1023 3468 Fratribus
1044 3401 1181 3469 Ordinis
1204 3401 1441 3482 Minimorurn,

314 3521 353 3584 ut
371 3511 457 3578 inlra
476 3513 636 3604 dicetur).
659 3515 748 3580 Hinc
766 3523 861 3605 patet
885 3515 968 3604 quid
991 3516 1036 3582 sit
1059 3516 1219 3602 fundatio
1240 3516 1440 3592 missarum,

315 3653 436 3720 nempe
456 3629 653 3695 constitutio
673 3628 763 3694 dotis
783 3630 817 3694 in
837 3630 951 3718 aliqua
970 3629 1111 3696 ecclesia
1130 3629 1186 3694 vel
1204 3630 1363 3695 instituto
1383 3639 1443 3695 aut

315 3746 390 3810 loeo
408 3743 481 3833 pio,
498 3749 536 3808 ut
555 3743 738 3831 quotannis
757 3743 792 3808 in
811 3751 1014 3833 perpetuum
1033 3767 1101 3809 una
1121 3743 1226 3808 missa
1250 3743 1307 3807 vel
1325 3743 1442 3830 plures

315 3857 538 3924 celebrentur.
561 3857 650 3922 Hine
673 3857 776 3922 etiam
797 3863 890 3945 patet
913 3858 1060 3923 multum
1084 3857 1217 3922 dillerre
1245 3855 1442 3944 hujusmodi

315 3971 436 4037 missas
465 3972 629 4058 fundatas
655 3995 673 4036 a
705 3971 820 4036 missis
840 3973 1058 4036 manualibus
1077 3994 1137 4036 seu
1161 3971 1371 4054 adventitiis,
1400 3971 1442 4036 de

346 4185 353 4217 ¹
370 4183 537 4244 Aliquando,
553 4182 705 4244 praesertim
720 4181 791 4246 apud
808 4185 925 4240 veteres,
943 4185 1076 4232 vocantur
1087 4181 1320 4241 anniversarium,
1333 4184 1377 4233 vel
1389 4199 1440 4232 an-

315 4259 478 4320 niversaria,
494 4263 570 4325 quia,
584 4262 706 4324 quolibet
718 4277 789 4312 anno
804 4263 946 4322 redeunte,
964 4262 1094 4312 celebrari
1109 4263 1219 4312 debent.
