3174 5046
332 534 376 583 DE
396 532 647 584 CELEBRATIONE
667 535 815 586 PLURIUM
834 535 1007 586 Mrssaauu
1028 537 1093 586 UNA
1112 536 1169 585 DIE
1192 497 1198 510 ι
1282 534 1314 584 ll

234 676 267 739 2⁰
282 675 378 741 Dixit
393 683 509 741 auctor
523 676 683 769 periodici
698 677 862 744 Analecta
877 678 973 744 luris
987 678 1175 762 Ροηίίῄείἰ1
1190 677 1315 764 requiri

190 790 360 855 licentiam
378 789 474 855 Sedis
498 792 701 876 apostolicae,
724 791 844 856 saltem
865 791 1000 880 quando
1026 792 1189 856 incudem
1215 792 1315 856 ecclc-

188 905 236 968 ein
266 903 341 968 duae
376 904 489 969 missac
515 903 725 970 celebranda
750 913 841 971 sunt.
873 945 917 954 -
943 905 1009 971 Sed
1040 904 1102 969 hoc
1128 905 1223 969 nullo
1238 906 1320 992 jure

188 1018 325 1083 nullave
344 1019 474 1084 ratione
493 1017 761 1100 demonstratur;
785 1020 863 1107 quia
887 1020 979 1108 quod
998 1019 1073 1084 duae
1098 1019 1210 1083 missae
1230 1020 1317 1084 cele-

188 1131 278 1198 brari
304 1130 449 1198 debeant
478 1133 514 1197 in
549 1133 681 1198 duabus
714 1134 884 1215 ecclesiis,
910 1134 966 1198 vel
996 1135 1030 1198 in
1061 1156 1128 1198 una
1159 1133 1316 1214 ecclesia,

188 1247 289 1310 modo
321 1247 411 1312 adsit
433 1248 597 1334 requisita
628 1249 830 1329 necessitaS,
856 1248 952 1337 parvi
977 1247 1095 1327 refert,
1122 1254 1172 1327 et,
1198 1253 1236 1311 ut
1268 1248 1314 1311 ait

189 1359 393 1426 Benedictus
424 1361 503 1426 XIV
515 1364 537 1444 ³,
565 1389 581 1423 n
613 1362 648 1425 hi
679 1363 745 1426 duo
777 1385 875 1428 casus
906 1363 1024 1428 eodem
1049 1361 1125 1449 jure
1156 1361 1315 1426 censendi

188 1483 279 1540 sunt.
301 1503 316 1536 n
334 1475 431 1541 Unde
447 1476 481 1542 S.
501 1477 629 1563 Congr.
650 1474 769 1558 Cone,
785 1499 853 1540 non
867 1477 1081 1563 distinguens
1097 1475 1185 1540 inter
1199 1499 1316 1540 casum

188 1595 222 1652 et
241 1611 372 1670 casum,
396 1589 591 1669 declaravit,
613 1597 651 1654 ut
670 1591 798 1656 dictum
819 1597 871 1655 est
889 1610 896 1656 :
917 1617 932 1650 n
956 1591 1220 1656 Ordinariorum
1239 1612 1314 1654 esso

189 1701 230 1766 de
251 1725 527 1790 recognoscere,
550 1711 614 1768 etc.
645 1733 661 1766 »

233 1923 301 1991 33.
315 1924 569 1999 —Quaeritur
586 1926 627 1992 5⁰
644 1923 734 2000 Quid
752 1926 880 1989 seruari
900 1924 1033 2007 debeat,
1056 1925 1193 2009 quando
1214 1924 1315 1988 micae

188 2037 357 2101 iteretur?
375 2075 418 2086 —
437 2037 540 2124 Resp.
565 2056 571 2102 :
600 2037 632 2100 l⁰
652 2036 771 2116 Quoad
789 2038 996 2124 stipendium
1003 2057 1018 2121 ,·
1041 2037 1180 2101 omnino
1199 2036 1314 2123 prohi-

187 2149 296 2214 bitum
323 2157 375 2215 cst
407 2174 449 2216 ne
478 2150 653 2232 sacerd0S,
684 2151 861 2217 celebrans
892 2153 1034 2216 alteram
1064 2151 1219 2230 missam,
1253 2173 1315 2237 pro

188 2264 249 2328 hac
269 2265 409 2352 recipiat
429 2265 653 2364 stipendium
675 2266 734 2330 sed
754 2266 794 2331 de
815 2266 878 2330 hoc
898 2266 1121 2354 opportunius
1141 2271 1261 2351 agetur
1279 2263 1316 2327 in

186 2379 295 2466 capite
315 2380 482 2465 sequenti.

231 2493 268 2556 2⁰
283 2491 403 2571 Quoad
419 2494 525 2558 ritum
542 2495 755 2578 liturqicum,
774 2493 938 2559 servanda
954 2501 1005 2558 est
1024 2493 1190 2580 imprimis
1207 2489 1315 2556 lexin

186 2607 346 2672 Rubricie
366 2607 509 2672 musella
530 2607 636 2695 (part.
660 2607 721 2688 Ill,
737 2608 790 2672 tit.
814 2629 860 2687 rx,
882 2631 916 2672 n.
935 2609 969 2694 l)
994 2607 1104 2694 posita
1123 2627 1130 2672 1
1149 2633 1164 2666 «
1184 2605 1221 2671 Si
1240 2605 1314 2692 plu-

186 2744 240 2786 res
264 2722 386 2786 missas
412 2721 447 2785 in
473 2741 541 2786 una
567 2721 620 2786 die
648 2721 811 2802 celebret,
834 2727 871 2785 ut
891 2721 926 2785 in
951 2721 1137 2785 Nativitate
1158 2719 1314 2799 Domini,

187 2837 221 2900 in
245 2857 449 2922 unaquoque
470 2836 569 2900 missa
590 2836 709 2901 abluat
728 2836 853 2920 diqitoe
875 2835 909 2898 in
929 2835 1044 2920 aliquo
1071 2855 1145 2896 oaec
1172 2832 1311 2914 mundo,

185 2951 271 3014 etin
293 2949 414 3014 ultima
436 2957 569 3014 tantum
584 2951 753 3036 percipiat
768 2949 1054 3034 purificationem.
1079 2974 1095 3006 r
1125 2945 1188 3010 Cui
1203 2945 1314 3010 conci-

186 3063 237 3128 nit
260 3062 392 3128 rubrica
416 3063 588 3152 specialis,
611 3065 645 3128 in
666 3063 781 3150 vigilia
805 3063 1002 3128 Natiuitatis
1028 3060 1165 3126 Domini
1189 3059 1310 3148 posita.

185 3175 347 3254 -Quod
369 3183 536 3242 statutum
556 3185 608 3242 est
633 3184 671 3242 ut
697 3177 854 3242 sacerdos
880 3181 1053 3242 remaneat
1074 3173 1213 3262 jejunus
1236 3181 1313 3262 post

185 3292 311 3378 primas
331 3291 464 3356 missas.
486 3329 530 3340 -
554 3291 701 3372 Deinde,
724 3291 835 3379 quoad
861 3313 960 3356 usum
984 3297 1017 3354 et
1037 3290 1314 3375 purificationem

184 3405 312 3486 celicia,
335 3403 612 3492 distinguendum
635 3425 642 3470 ε

231 3521 262 3582 l.
285 3518 322 3584 Si
338 3519 495 3584 sacerdos
514 3527 693 3606 utramque
714 3519 853 3583 missam
873 3519 907 3583 in
927 3519 1044 3583 eadem
1065 3517 1207 3582 ecclesia
1227 3515 1312 3580 cele-

185 3629 276 3713 bret,
299 3633 407 3698 utitur
426 3632 545 3697 eodem
565 3634 685 3714 calice,
709 3655 825 3720 quem,
849 3639 926 3719 post
944 3631 1066 3718 prioris
1086 3631 1198 3694 missae
1222 3651 1314 3692 com-

186 3745 395 3828 munionem,
413 3747 677 3834 inrpurilicatum
698 3747 859 3833 relinquit
879 3745 980 3830 (sicut
999 3745 1032 3808 in
1049 3743 1179 3808 duabus
1194 3741 1312 3830 primis
1419 3771 1423 3778 ·

185 3857 383 3925 Natiuitatis
410 3861 583 3949 Domini),
610 3858 731 3925 deinde
757 3860 865 3946 operit
891 3866 1029 3946 patena,
1051 3857 1142 3945 palla
1167 3863 1200 3920 et
1219 3855 1308 3920 velo.

185 3971 296 4038 Finita
330 3981 445 4039 autem
473 3975 593 4054 missa,
624 3974 712 4039 calix
739 3973 794 4039 rel
827 3973 1029 4060 relinquitur
1054 3971 1089 4034 in
1115 3970 1229 4050 altari,
1256 3969 1311 4034 vel

216 4175 300 4225 ¹Oct.
322 4181 394 4236 1853,
411 4193 437 4239 n.
459 4181 503 4225 585
521 4192 560 4240 sq.
584 4205 610 4214 -
635 4167 738 4226 Similia
756 4179 832 4226 tenet
852 4176 1053 4234 Grundcluudc,
1068 4175 1118 4223 lua
1137 4172 1294 4222 canonicum
1303 4209 1314 4230 ,.

185 4255 308 4313 Parisiis,
325 4261 399 4314 1882,
416 4259 436 4306 t.
454 4273 485 4315 u,
501 4273 528 4320 p.
544 4261 598 4306 522.

215 4335 226 4369 ²
240 4335 325 4398 Epist.
340 4335 503 4394 Declarnstr',
520 4341 532 4396 ᾗ
547 4337 584 4386 En
595 4336 777 4401 potissimum.
