3180 5024
193 4200 201 4228 Ι

311 440 364 492 252
797 442 841 494 DE
860 441 959 494 tussa

313 585 450 666 missas,
482 586 541 651 sed
567 587 633 674 ipsi
659 586 852 652 sacerdotes
880 585 951 650 suis
977 584 1227 650 intentionibus
1251 583 1440 663 celebrent,

313 703 408 781 tunc,
438 700 468 762 si
499 708 617 786 sponte
649 701 854 786 permittant
883 699 1115 764 sacerdotibus
1147 699 1181 762 in
1215 721 1278 763 sue
1307 698 1442 762 ecclesie

309 835 446 880 sacrum
465 817 594 898 secere,
617 815 749 879 nullam
775 822 890 878 tanam
913 815 957 878 ab
976 837 1013 880 eo
1033 815 1167 898 exipere
1180 821 1344 898 possunt,
1368 811 1443 875 licet

207 921 209 928 ⁴
311 928 444 992 eeclesia
458 929 502 991 sit
515 947 666 1014 pauper,·
681 937 830 992 attamen
845 929 939 993 nullo
959 930 1059 993 modo
1075 935 1234 992 tenentur
1248 949 1302 990 eos
1316 925 1442 990 admit-

312 1051 397 1126 tere,
420 1043 484 1107 nisi
507 1043 618 1108 soluta
645 1051 733 1107 tana.
757 1081 799 1090 —-
821 1043 900 1108 Haeo
920 1043 1055 1108 videtur
1078 1065 1154 1107 esse
1173 1011 1439 1129 jurisprudentia

311 1156 346 1222 S.
370 1155 495 1243 Congr.
519 1155 638 1240 Cone,
665 1165 703 1222 ut
727 1135 928 1222 concludere
952 1157 1033 1222 lieet
1052 1180 1094 1222 ex
1113 1155 1271 1244 pluribus
1290 1153 1365 1242 ejus
1388 1176 1438 1218 re·

310 1269 567 1359 sponsionibus,
585 1294 618 1336 v.
634 1295 683 1358 g.,
698 1293 739 1336 ex
754 1270 978 1356 Dertlsonen,
993 1269 1036 1336 28
1047 1271 1152 1359 junii,
1170 1277 1203 1334 et
1216 1269 1236 1334 6
1247 1268 1327 1356 julii
1342 1267 1435 1346 1726,

312 1386 346 1450 in
375 1409 457 1474 qua,
488 1407 591 1474 quum
622 1393 779 1472 ageretur
806 1385 1014 1451 deecclesia
1044 1407 1191 1474 paupere
1204 1388 1227 1463 ¹,
1256 1383 1437 1449 declaravit

309 1499 346 1564 S.
370 1498 521 1584 Congu:
547 1526 562 1559 ιι
584 1499 641 1563 Ad
660 1499 692 1564 2.
716 1497 1059 1586 Archipresbyterum
1081 1520 1151 1562 non
1174 1498 1282 1562 teneri
1301 1497 1346 1561 ad
1365 1494 1437 1561 sub

311 1612 534 1678 ministranda
556 1613 731 1695 utensilia,
754 1613 796 1678 de
816 1612 939 1701 quibus
959 1613 1083 1700 agitur,
1102 1612 1170 1676 illis
1189 1611 1247 1699 qui
1268 1609 1437 1676 celebrant

311 1727 345 1791 in
377 1749 437 1791 sua
471 1725 611 1792 eeclesia
644 1749 685 1791 ex
715 1725 922 1814 obligatione
953 1725 1108 1792 beneficii
1131 1727 1204 1790 sive
1230 1724 1435 1814 capellanie,

310 1841 462 1929 exeeptis
482 1840 550 1906 illis
569 1863 645 1906 eum
667 1839 790 1928 quibus
814 1839 915 1906 babet
935 1841 1178 1905 conventiones
1197 1837 1435 1926 particulares;

312 1962 361 2036 et,
392 1956 507 2042 quoad
536 1957 652 2020 missas
682 1957 897 2038 adventitias,
925 1955 1030 2020 teneri
1054 1955 1098 2018 ad
1121 1955 1245 2019 dictam
1275 1953 1438 2018 submini-

310 2071 509 2135 strationem
528 2077 695 2156 quatenns
710 2071 890 2154 pcrmittat
904 2091 958 2134 eos
978 2071 1013 2134 in
1027 2091 1088 2134 sua
1107 2069 1241 2133 ccclesia
1256 2068 1437 2148 celebrare,

312 2163 376 2247 neec¹
385 2185 490 2246 teneri
509 2184 553 2247 ad
573 2184 634 2248 bas
654 2183 770 2248 nrissas
789 2184 988 2248 adventitiae
1006 2183 1249 2264 admittendas,
1268 2181 1334 2246 nisi
1352 2181 1441 2245 solu-

312 2296 353 2359 tis
388 2296 587 2361 utensilibus
615 2319 680 2382 per
712 2297 917 2362 celebrantes
933 2301 955 2362 ².
990 2323 1005 2357 n
1038 2297 1081 2362 Et
1114 2297 1185 2360 brec
1217 2303 1270 2360 est
1302 2295 1440 2360 omnino

309 2409 463 2475 doctrina
487 2410 661 2477 Benedicti
685 2411 776 2494 XlV,
803 2412 862 2500 qui
885 2412 973 2478 hanc
997 2411 1085 2476 eruit
1108 2433 1150 2476 ex
1170 2411 1233 2474 hac
1253 2409 1289 2475 S.
1312 2408 1437 2496 Cougr.

302 2523 514 2590 ‚resolutione
538 2531 573 2589 et
596 2547 638 2589 ex
663 2525 728 2591 alia
752 2525 794 2590 ab
818 2527 892 2614 ipso
912 2525 1015 2591 relatu
1028 2527 1049 2590 ³.
1072 2525 1183 2590 -De
1203 2548 1271 2612 quo
1292 2522 1439 2588 notanda

310 2638 398 2704 tria:
422 2641 452 2703 l.
480 2637 515 2703 Si
539 2661 619 2726 ergo
643 2639 783 2704 ecclesia
808 2641 852 2705 sit
875 2640 987 2722 dives,
1014 2638 1143 2704 nullam
1166 2645 1282 2704 texam
1307 2637 1439 2725 exigere

311 2759 423 2840 potest
446 2775 507 2840 pro
532 2753 644 2817 missis
669 2753 895 2819 adventitiis:
922 2754 1013 2842 quod
1036 2752 1250 2818 concluditur
1272 2775 1315 2816 ex
1340 2773 1439 2838 supra

310 2867 416 2933 relato
437 2890 598 2954 responso
615 2869 634 2932 7
655 2867 698 2932 ad
717 2868 851 2933 decreta
870 2891 926 2933 an.
946 2867 1047 2948 {6253
1066 2868 1096 2934 si
1115 2867 1256 2933 enimin
1276 2866 1341 2930 hoc
1361 2887 1440 2930 casu

310 2979 599 3047 administratores
614 2982 743 3046 nullam
761 3004 901 3068 prorsus
924 2991 1055 3069 partem
1073 2983 1218 3048 retinere
1237 2988 1385 3070 possunt
1398 2979 1437 3044 de

310 3094 553 3182 eleemosynis,
580 3119 663 3184 ques
687 3097 752 3182 ipsi
781 3095 932 3179 tradant,
959 3098 1076 3163 eadem
1103 3094 1173 3162 fere
1199 3096 1331 3160 ratione
1355 3091 1437 3158 nibil

309 3217 454 3294 possunt
464 3211 610 3295 exigere,
623 3211 653 3276 si
662 3210 775 3276 nullas
786 3210 922 3276 tradant
934 3211 1184 3299 eleemosynas3
1197 3210 1281 3276 -2,
1295 3206 1436 3288 Quando

310 3341 453 3405 magnus
477 3322 595 3388 adesse
622 3324 729 3390 soleat
755 3347 917 3390 numerus
942 3323 1202 3401 celebrantium,
1231 3323 1321 3388 solet
1347 3319 1436 3408 exigi

309 3433 482 3501 moderata
501 3444 581 3502 taxa
601 3463 661 3526 pro
680 3461 882 3528 unaquaque
902 3439 1021 3521 missa,
1044 3439 1124 3505 licet
1143 3438 1286 3504 ecclesia
1305 3459 1373 3502 non
1393 3436 1434 3499 sit

309 3549 393 3616 adeo
427 3573 569 3640 pauper;
600 3553 678 3641 quia
707 3554 856 3642 alioquin
885 3577 966 3619 mox
997 3576 1126 3641 pauper
1153 3553 1364 3632 eftieeretur3
1393 3587 1435 3598 —

310 3666 341 3731 3.
361 3664 460 3762 Quod
475 3667 604 3732 dictum
623 3674 676 3732 est
690 3667 732 3732 de
747 3689 816 3732 non
831 3667 998 3754 exigenda
1012 3675 1091 3734 taxa
1109 3690 1171 3754 pro
1186 3667 1301 3732 missis
1316 3667 1434 3730 adven-

310 3781 408 3860 titiis,
431 3782 664 3871 exceptionem
688 3781 823 3869 recipit,
845 3781 945 3868 juxte
968 3781 1151 3870 quosdam,
1173 3781 1231 3846 ubi
1255 3787 1377 3866 agatur
1395 3778 1433 3842 de

342 4017 348 4048 ¹
369 4017 449 4066 'leste
465 4017 610 4068 Benedicto
623 4017 694 4075 XlV,
711 4017 757 4080 qui
772 4019 836 4066 tunc
852 4021 910 4068 erat
924 4017 1092 4068 Secreturius
1107 4016 1133 4066 S.
1149 4016 1246 4079 Congr.
1258 4015 1351 4076 (last,
1362 4013 1431 4064 LVl.

309 4111 335 4143 n.
353 4101 381 4144 13
399 4133 404 4145 .

340 4176 350 4210 ¹
370 4097 538 4238 Tltesaurus,
553 4183 572 4229 l.
586 4194 626 4235 ur,
643 4194 669 4241 p.
686 4183 744 4232 331,
761 4183 815 4226 tto.

341 4255 445 4311 Musa,
464 4255 535 4310 Lvr.
552 4273 577 4306 n.
594 4264 687 4314 12-13,
704 4263 742 4307 tt.
