3246 5026
768 1502 1015 1564 BENEDICTI
1042 1502 1122 1564 XIV

439 1641 584 1724 Epistola
599 1640 641 1701 ad
654 1639 833 1722 episcopum
849 1639 1014 1700 Oscensem
1030 1639 1068 1700 de
1082 1638 1293 1700 celebratione
1308 1639 1443 1700 duarum

379 1737 563 1816 missarum,
586 1735 694 1799 eadem
714 1735 780 1812 die,
799 1756 858 1817 per
879 1756 974 1795 urium
995 1734 1198 1797 sacerdotem.
1219 1738 1255 1795 16
1273 1735 1375 1796 martii
1394 1737 1473 1796 1746
1488 1739 1510 1798 ¹.

675 1835 686 1856 ,
1428 1833 1434 1844 ,
1592 1831 1593 1834 ,

434 2004 631 2067 Venerabilis
645 2003 757 2084 frater,
774 2003 907 2064 satiatem
925 2011 954 2063 et
969 2001 1172 2084 apostolicam
1190 2002 1452 2064 beriedictionem.

418 2143 589 2206 Dcclarasti
601 2143 709 2215 Nobis,
723 2143 753 2200 in
769 2161 856 2202 sacra
872 2141 1066 2214 visitatione,
1082 2162 1142 2222 qua
1158 2141 1317 2202 dioeecsim
1334 2149 1419 2202 tuam
1435 2165 1509 2224 pcr-

377 2239 530 2312 lustrasti,
559 2237 799 2317 deprehendisse
829 2237 998 2298 nonnullos
1024 2246 1160 2298 rectores
1186 2238 1386 2298 ecelesiarum
1414 2260 1509 2320 paro-

377 2335 534 2406 chialium,
549 2331 663 2414 quibus
677 2332 736 2392 alia
750 2353 875 2414 quoque
891 2333 1021 2394 ecelesia
1036 2355 1052 2393 a
1069 2333 1237 2414 parochiali
1253 2334 1345 2414 louge
1361 2335 1507 2416 sejuncta

376 2429 591 2494 commendata
606 2436 668 2502 est,
685 2449 778 2509 quam
794 2428 834 2488 ob
850 2428 978 2506 exiguos
994 2437 1164 2509 proventus
1182 2429 1232 2490 alii
1249 2430 1402 2490 sacerdoti
1418 2451 1508 2490 corn-

376 2529 499 2589 mittcrc
514 2532 685 2606 nequeunt,
699 2525 751 2605 qui
764 2525 964 2604 pro-rectoris
979 2545 1092 2584 munus
1108 2526 1275 2600 sustineat;
1292 2525 1364 2586 hinc
1376 2527 1455 2596 fieri,
1469 2535 1506 2588 ut

377 2633 512 2685 rectores
527 2621 585 2703 ipsi
601 2641 665 2681 rem
681 2619 830 2699 divinam,
848 2620 879 2679 in
895 2627 1027 2701 utraque
1042 2621 1183 2694 ecclesia,
1200 2622 1288 2682 lestis
1303 2621 1414 2682 diebus
1429 2644 1505 2683 con-

376 2723 467 2781 ficere
487 2701 549 2779 hon
567 2717 729 2790 dubitent,
747 2723 782 2776 ut
801 2715 937 2796 populus
957 2723 1088 2797 uterque
1108 2737 1216 2798 parere
1236 2718 1335 2798 possit
1355 2719 1504 2779 Ecclesiae

377 2815 568 2898 praecipienti
583 2799 741 2884 fidelibus,
759 2819 794 2870 ut
814 2811 901 2871 lestis
920 2811 1031 2871 diebus
1051 2812 1151 2872 missae
1171 2813 1324 2872 sacrificio
1342 2814 1502 2875 intersint.

377 2912 473 2972 Nobis
498 2911 590 2970 etiam
617 2907 805 2988 exposuisti,
833 2906 1007 2966 decrevisse
1031 2907 1062 2966 in
1091 2915 1143 2968 tua
1169 2908 1289 2988 synodo
1315 2908 1346 2967 id
1373 2909 1504 2970 minime

311 3071 314 3080 ,
375 3008 466 3068 licere
481 3005 654 3066 rectoribus
669 3003 868 3063 eeclesiarum
881 3002 1117 3083 parochialium,
1130 3005 1252 3084 quoties
1267 3004 1345 3065 alius
1356 3005 1504 3066 sacerdos

375 3111 488 3183 praesto
505 3101 559 3174 sit,
577 3100 630 3181 qui
645 3119 767 3159 sacrum
784 3099 885 3159 lacere
901 3099 999 3179 possit
1019 3099 1050 3158 in
1066 3119 1127 3159 una
1143 3120 1181 3159 ex
1200 3100 1238 3159 iis
1258 3100 1412 3173 ecclesiia,
1429 3121 1502 3182 quau

374 3198 546 3258 rectoribus
566 3195 794 3276 subjiciuntur;
812 3195 843 3254 id
863 3203 967 3255 autem
987 3196 1129 3256 attulisse
1148 3203 1209 3256 tam
1230 3217 1356 3276 gravem
1372 3198 1502 3258 rectori-

374 3295 431 3354 bus
453 3293 527 3373 ipsis
543 3291 715 3351 molestiam
731 3299 765 3350 ut
781 3292 939 3372 synodalis
960 3291 1076 3352 decreti
1097 3294 1312 3354 executionem
1333 3314 1503 3374 parumper

373 3389 496 3450 dillcrrc
512 3387 679 3460 censueris,
694 3387 794 3446 donec
810 3387 995 3448 sententiam
1008 3389 1038 3447 in
1050 3387 1108 3448 hac
1123 3411 1156 3449 re
1168 3389 1325 3463 Nostram,
1340 3389 1501 3450 Nostram-

373 3507 433 3568 quc
458 3485 651 3547 voluntatem
673 3483 875 3564 intelligeres.
899 3483 1108 3553 Quamobrem
1133 3487 1331 3566 prudentiam
1356 3495 1442 3548 tuam
1467 3487 1499 3546 iu

374 3583 480 3665 primis
496 3580 766 3653 commendamus,
786 3581 944 3662 totiusque
961 3581 1108 3662 Hispanae
1129 3583 1230 3662 gentis
1246 3583 1276 3642 in
1293 3583 1373 3644 hanc
1386 3583 1499 3642 Sedem

373 3677 586 3760 Apo'stolieam
613 3677 858 3750 observantiam,
885 3677 924 3736 oh
949 3698 1058 3758 quam,
1085 3678 1109 3738 si
1137 3679 1217 3738 sorte
1244 3679 1360 3760 aliquid
1387 3679 1498 3738 incerti

372 3774 520 3856 dubiique
540 3773 721 3852 eontigerit,
741 3771 779 3832 ad
798 3773 974 3832 Romanum
991 3773 1174 3834 Pontificem
1194 3775 1378 3854 confugere,
1394 3775 1498 3834 consi-

371 3871 510 3951 liumque
525 3869 563 3929 ad
580 3868 778 3949 explicandas
790 3867 991 3930 difficultates
1004 3869 1172 3950 deposcere
1187 3869 1360 3930 consuevit.
1375 3869 1498 3930 Deinde

372 3973 433 4026 tuae
458 3965 570 4047 synodi
590 3964 751 4024 decretum
775 3965 916 4046 aequitati
943 3987 978 4026 ac
1000 3966 1173 4047 disciplinae
1195 3965 1340 4027 Ecclesiae
1363 3967 1498 4027 maxime

371 4069 613 4123 consentaneum
637 4081 703 4122 esse
725 4061 968 4142 respondemus3
992 4062 1033 4122 ita
1056 4070 1091 4123 ut
1114 4061 1294 4123 demandari
1318 4063 1496 4124 executioni

402 4281 409 4312 ¹
429 4279 501 4328 nott.
519 4279 627 4336 Heneti„
645 4283 663 4327 t.
681 4295 711 4338 ιι,
730 4294 755 4326 ιι.
773 4293 812 4329 ιιι.
829 4279 871 4326 cd.
887 4280 1083 4341 hlechliniensi,
1101 4281 1154 4331 vol.
1169 4297 1203 4338 iv,
1220 4295 1245 4344 p.
1262 4285 1357 4330 :ta-51.
