3180 5024
549 517 593 566 DE
612 515 728 567 saenis
748 515 963 568 transiturus
1266 517 1318 570 213

193 662 267 726 tur¹
286 679 293 726 :
316 687 332 720 α
352 660 397 726 Ut
412 661 501 726 hunc
521 661 673 743 calicem,
691 666 850 748 patenam
868 668 902 726 et
918 668 1046 726 turrem
1054 663 1076 744 ¹,
1097 663 1130 726 in
1149 685 1216 750 quo
1232 663 1317 728 cele-

191 773 322 839 braturi
348 795 466 838 sumus
496 779 709 839 sacrosancta
736 775 913 861 mysteria,
941 775 1063 840 ccelesti
1091 775 1331 841 benedictione·

189 889 377 973 sanctifices
401 897 502 975 atque
528 888 713 954 benedicas.
740 913 756 948 »
782 887 911 953 Deinde
937 889 1132 954 unctionem
1158 897 1192 954 et
1217 889 1318 955 bene-

190 1001 376 1067 dictionem
400 1001 514 1066 calicis
534 1008 698 1066 memorat
718 995 936 1068 innobentius
961 1001 1025 1084 111,
1047 1027 1076 1068 c.
1105 1003 1192 1068 Cum
1212 1006 1318 1070 venis·

188 1124 256 1198 set,
283 1116 316 1198 1,
339 1117 389 1181 Da
409 1137 505 1180 saona
523 1134 700 1181 sno-nora:
724 1143 739 1176 α
767 1116 919 1200 Unqteur
936 1123 1113 1205 praeterea,
1134 1119 1319 1183 secundum

190 1229 450 1295 ecclesiasticum
475 1251 619 1315 morem,
642 1253 718 1294 curn
744 1237 960 1294 consecratur
983 1230 1104 1310 altare,
1126 1253 1204 1295 oum
1224 1231 1318 1296 dedi-

190 1351 287 1408 catur
306 1345 488 1432 templum,
510 1367 588 1408 cum
602 1344 813 1408 benedicitur
826 1343 926 1426 catice,
949 1366 1017 1408 non
1037 1343 1148 1409 solum
1164 1366 1205 1408 ex
1226 1367 1318 1409 man-

192 1457 272 1521 dato
287 1457 372 1544 legis
391 1457 530 1540 divina»,
548 1481 666 1524 verum
686 1459 789 1523 etiam
808 1458 964 1545 exemplo
985 1459 1023 1526 B.
1045 1457 1212 1524 Silvestri.
1238 1487 1253 1520 a
1274 1497 1318 1509 --
1344 1461 1349 1470 '

191 1570 299 1658 Cujus
323 1571 587 1636 consecrationis
612 1572 761 1637 rationes
785 1571 844 1637 dat
868 1571 910 1636 D.
937 1571 1099 1654 Thomas,
1126 1595 1248 1660 nempe
1274 1574 1318 1636 ad

192 1687 414 1750 reverentiam
441 1687 660 1768 sacramenti,
691 1693 725 1750 et
755 1687 799 1749 ad
827 1688 1135 1772 repraesentandum
1161 1691 1317 1772 effectum

189 1801 424 1864 sacramenti³.

236 1911 270 1976 2⁰
289 1913 474 1980 Necessitas
494 1915 750 1979 consecrationis
768 1915 891 1980 calicis.
913 1914 1021 1980 —Ut
1045 1914 1130 1979 calix
1154 1915 1263 2002 possit
1283 1917 1317 1980 in

95 2099 111 2122 ·
192 2034 310 2092 sancto
331 2027 494 2092 sacrificio
514 2026 681 2110 adhiberi,
701 2029 892 2114 requiritur
912 2037 949 2093 ut
967 2029 1012 2092 sit
1030 2037 1251 2094 consecratus.
1274 2067 1317 2078 -—

193 2139 337 2206 Constat
356 2141 445 2207 clare
465 2165 506 2207 ex
526 2141 658 2207 rubrica
679 2165 780 2229 supra
800 2143 928 2208 relata:
951 2143 1051 2223 «Qui
1072 2142 1195 2232 (calix)
1216 2142 1318 2208 debet

191 2279 308 2322 esse...
340 2256 442 2321 simul
468 2279 545 2322 cum
577 2265 716 2343 patena,
748 2256 865 2321 itidem
898 2259 1067 2338 inaurata,
1096 2259 1138 2324 ab
1167 2259 1317 2343 episcopo

191 2377 414 2435 consecratus.
441 2397 456 2432 »
477 2369 647 2436 Caeterum
666 2369 850 2458 probabilis
869 2394 937 2436 non
957 2380 1009 2437 est
1028 2371 1157 2459 opinio,
1178 2371 1317 2437 calicem

191 2505 260 2547 non
280 2491 515 2550 consecratum
530 2483 602 2548 fieri
616 2492 852 2549 consecratum
868 2486 938 2571 ipsa
958 2485 1179 2550 celebratione
1192 2486 1318 2568 missae,·

192 2620 289 2679 nam,
310 2598 475 2686 quidquid
501 2598 619 2664 dicunt
646 2599 696 2662 illi
722 2599 821 2685 pauci
852 2607 1005 2664 auctores
1030 2599 1087 2686 qui
1112 2599 1318 2663 contrarium

191 2718 322 2794 tenent,
344 2712 415 2777 haec
434 2712 560 2778 locutio
580 2712 694 2778 relatae
714 2711 882 2794 Robrica,
904 2713 946 2777 ab
966 2713 1132 2798 Episcopo
1146 2735 1318 2777 consecra-

193 2835 264 2910 tus,
290 2825 510 2913 intelligenda
540 2835 592 2892 est
624 2828 665 2891 de
694 2827 768 2915 ipso
796 2827 864 2890 ritu
892 2825 1154 2892 consecrationis
1185 2825 1315 2907 calide,

193 2939 303 3028 qualis
323 2940 527 3007 describitur
546 2943 580 3006 in
600 2941 794 3026 pontificali
805 2943 826 3005 ⁸.

237 3055 270 3120 3⁰
289 3055 447 3120 Minister
460 3056 727 3120 consecrationis.
750 3093 794 3104 -
813 3054 894 3119 Haec
913 3053 1054 3118 dicenda
1073 3071 1080 3117 :

236 3171 280 3234 A.
302 3153 459 3234 Minister
477 3168 578 3258 hujus
603 3169 865 3235 consecrationis
884 3175 937 3234 est
957 3167 1161 3255 EpiscopuS,
1183 3175 1221 3233 ut
1240 3191 1320 3232 con-

191 3289 261 3348 stat
280 3289 354 3347 tum
375 3305 415 3347 ex
435 3282 576 3368 praesuta
596 3281 745 3366 rubrica,
767 3291 841 3348 tum
862 3305 903 3348 ex
927 3283 1136 3367 Pontificati,
1158 3289 1245 3371 part.
1269 3280 1317 3364 ΙΙ,

191 3396 245 3461 tit.
267 3397 316 3460 De
331 3405 462 3483 patenae
488 3405 520 3460 et
546 3397 658 3461 calicis
676 3399 941 3481 consecratione,
970 3397 1062 3485 quod
1087 3397 1191 3462 alium
1218 3396 1319 3460 mini-

187 3517 300 3576 strum
320 3533 388 3575 non
407 3519 573 3576 memorat
592 3511 657 3575 nisi
673 3511 890 3599 Episcopum.
906 3551 946 3560 —
962 3512 1063 3594 Hinc,
1080 3535 1141 3598 per
1160 3534 1207 3592 se,
1224 3517 1319 3599 pote-

190 3631 280 3690 state
299 3623 520 3690 consecrandi
535 3623 658 3689 calices
673 3633 788 3690 carent
800 3626 1004 3713 quicumque
1020 3632 1135 3690 carent
1149 3632 1318 3691 caractere

190 3739 390 3826 episcopali,
411 3738 492 3804 licet
511 3737 580 3803 sint
599 3737 754 3820 abbates,
776 3738 907 3826 praelati
926 3739 1116 3820 inferiores,
1138 3747 1203 3805 etc.

223 3934 230 3967 ¹
249 3933 394 3994 Mabitlon,
414 3935 544 3984 Moesum
564 3935 700 3992 italicum,
724 3938 743 3983 t.
769 3951 789 3994 1,
810 3950 837 3998 p.
858 3939 917 3994 aas,
938 3934 980 3983 vel
1002 3933 1074 3995 apud
1095 3933 1199 3996 Migne,
1222 3935 1251 3982 P.
1278 3935 1316 3992 1..,

190 4018 209 4063 t.
227 4029 307 4071 cxxii,
324 4015 375 4064 col.
392 4019 446 4064 571.

221 4095 233 4130 ¹
250 4095 416 4144 Turriculam
432 4109 543 4158 nempe,
555 4097 589 4144 ad
603 4095 747 4144 deserenda
763 4095 920 4146 solemnitor
934 4094 1039 4154 oblata,
1055 4098 1082 4145 ct
1092 4093 1191 4144 alicubi
1206 4093 1240 4142 ad
1255 4109 1319 4144 con-

189 4176 349 4224 servandam
365 4189 468 4224 sacram
484 4175 690 4224 Eucharistiom.

223 4255 233 4288 ³
252 4254 317 4304 Pers
332 4255 383 4314 ΙΙΙ,
399 4270 425 4319 q.
443 4271 553 4314 anxani,
569 4259 619 4305 art.
636 4262 663 4314 ³,
679 4257 706 4304 in
722 4271 796 4319 corp.
812 4259 863 4304 art.

223 4335 234 4368 ⁴
251 4335 290 4384 Cf.
307 4335 414 4392 Quarti,
429 4335 479 4385 loc.
495 4335 551 4395 cit,
568 4337 632 4385 dub.
649 4341 676 4396 ³3
692 4363 722 4374 -
737 4335 763 4386 S.
780 4337 871 4400 Alph..
888 4337 934 4386 lib.
950 4337 1039 4396 V1,n.
1056 4341 1110 4386 380.
