3174 5046
319 485 353 538 62
800 485 844 534 DE
864 484 962 536 lassa

317 629 519 694 Benedictus
540 627 617 692 XlV
633 627 719 692 hanc
739 629 1019 694 consuetudinem
1040 652 1107 694 non
1132 631 1233 694 modo
1252 633 1448 712 confirmat,

316 742 492 808 sedetiam
513 743 670 829 ampliat,
688 749 725 806 ut
745 743 861 818 statim
882 743 1024 822 dicetur,
1040 742 1134 808 brevi
1155 744 1253 820 Quod
1272 749 1447 832 expensis,

315 857 357 922 26
378 879 454 942 aug.
479 855 596 920 17481.

360 970 393 1033 2⁰
432 970 539 1034 Vetus
577 992 719 1056 regnum
767 970 949 1057 Aragoniae
988 970 1280 1059 complectebatur
1320 976 1444 1046 etiam.

315 1089 393 1148 ante
413 1105 540 1148 annum
562 1083 659 1164 1642,
682 1082 891 1170 provinciam
911 1083 1037 1148 dictam
1057 1084 1260 1168 Roussitton,
1283 1108 1361 1174 quae
1381 1089 1446 1152 hoe

310 1199 403 1261 'anno
423 1196 545 1262 Galliis
565 1219 696 1262 annexa
716 1195 790 1261 luit.
820 1195 918 1262 Unde
942 1196 1082 1283 praefata
1102 1199 1313 1264 consuetudo
1335 1201 1444 1265 trium

312 1311 368 1376 vel
398 1313 547 1376 duarum
582 1310 779 1390 missarum,
817 1310 929 1397 qualis
960 1317 1032 1374 erat
1063 1318 1142 1376 ante
1173 1311 1262 1376 hune
1294 1336 1442 1396 annum,

312 1425 541 1512 perseveravit
568 1425 602 1488 in
631 1423 689 1488 illa
716 1423 908 1511 provincia,
937 1446 1027 1488 nunc
1055 1431 1169 1490 tamen
1194 1448 1264 1491 non
1291 1429 1443 1516 amplius

312 1523 405 1624 viget
428 1538 462 1602 in
489 1537 626 1602 dioecesi
654 1537 795 1602 Elneusi
819 1537 1068 1627 (Perpiqnan)‚
1095 1562 1170 1628 quae
1197 1541 1443 1628 correspondet

311 1651 361 1715 illi
380 1651 572 1738 provinciae.

356 1766 389 1832 3⁰
405 1764 608 1830 Benedictus
622 1764 712 1845 XIV,
730 1765 820 1830 dicta
831 1764 950 1831 Const.
967 1765 1065 1841 Quod
1079 1767 1231 1852 carpensis
1236 1819 1247 1850 ,
1263 1790 1318 1833 an.
1337 1769 1438 1852 1748,

310 1903 370 1969 pro
404 1878 561 1944 omnibus
591 1880 706 1966 regnis
738 1887 771 1945 et
799 1879 975 1962 dominiis,
1010 1880 1148 1968 regibus
1181 1882 1368 1948 Lusitaniae
1405 1891 1441 1950 et

311 1995 484 2084 Hispaniae
504 2001 585 2059 tunc
598 1992 772 2082 subjeetiS,
790 1994 958 2059 concessit
972 2001 1010 2059 ut
1026 1994 1080 2060 die
1096 1995 1440 2062 Commemorationis

310 2109 462 2173 omnium
487 2108 725 2172 detunctorum
752 2130 871 2172 omnes
896 2107 1104 2190 sacerdoteS,
1139 2109 1210 2174 sive
1242 2110 1436 2196 regulares,

309 2221 380 2284 sive
401 2220 591 2300 saeculares,
618 2229 684 2285 tres
705 2222 821 2285 rrzissas
841 2219 1010 2287 celebrare
1030 2222 1174 2309 possint.
1193 2221 1276 2320 Quae
1296 2247 1439 2289 conces-

309 2335 357 2398 sio
383 2334 486 2398 etiam
509 2333 635 2421 proluit
660 2334 891 2401 sacerdotibus
915 2335 1134 2402 secutaribus
1152 2336 1351 2424 Aragoniae,
1375 2337 1437 2402 sed

308 2455 442 2513 tantum
476 2447 526 2512 illi
564 2447 653 2536 parti
684 2473 759 2536 quae
798 2449 861 2514 hoc
895 2455 1048 2537 tempore
1085 2449 1222 2537 regibus
1260 2450 1437 2538 Hispaniae

307 2561 443 2626 subdita
463 2566 565 2627 emt'.
590 2562 721 2650 nequa
742 2563 960 2628 concessione
981 2562 1052 2627 haec
1071 2563 1232 2628 dicenda:

353 2676 382 2742 l.
407 2676 513 2741 Nova>
534 2677 645 2740 missae
670 2699 737 2740 non
758 2699 926 2742 concessa·
951 2675 1089 2747 luerunt
1107 2677 1172 2741 nisi
1191 2677 1255 2742 sub
1275 2677 1328 2742 his
1347 2677 1434 2765 legi-

305 2791 369 2857 bus
391 2811 398 2859 :
420 2815 451 2858 a.
475 2791 519 2858 Ut
539 2790 789 2879 applicarentur
808 2791 843 2855 in
858 2814 981 2878 genere
996 2815 1057 2879 pro
1071 2792 1227 2856 carnibus
1242 2793 1436 2877 defunctie;

305 2945 349 2956 -
367 2908 402 2974 lr.
424 2906 470 2972 Ut
489 2906 623 2971 nullum
643 2927 781 2992 prorsus
801 2905 1021 2994 stipendium,
1044 2907 1167 2970 directe
1183 2905 1238 2970 vel
1252 2906 1427 2986 indirecte,

304 3021 359 3086 vel
381 3021 483 3086 etiam
502 3029 619 3106 sponte
645 3018 813 3100 oblatum,
838 3019 1067 3106 perciperetur
1090 3042 1132 3083 ex
1158 3019 1211 3083 his
1235 3019 1365 3098 missis;
1390 3058 1433 3069 -

304 3157 331 3200 c.
354 3134 399 3200 Ut
421 3134 594 3200 concessio
619 3155 688 3198 non
711 3133 820 3222 prosit
850 3133 916 3198 nisi
945 3131 1178 3200 sacerdotibus
1207 3133 1241 3197 in
1267 3133 1321 3197 his
1345 3131 1431 3198 loeis

304 3255 379 3311 actu
411 3247 710 3312 commorantibus.
742 3285 785 3296 —-
822 3247 966 3313 Constat
1000 3246 1099 3312 Brevi
1129 3245 1226 3321 Quod
1258 3249 1432 3333 expensam·

334 3491 341 3526 ¹
364 3489 436 3540 nata.
453 3490 561 3550 Bened.,
585 3496 604 3540 t.
626 3507 656 3552 ιι,
678 3507 703 3539 ιι.
721 3509 774 3550 ιιι,
795 3495 807 3550 ,t
826 3497 851 3549 t,
872 3495 899 3540 ct
918 3495 930 3550 g
949 3491 1000 3540 Sed
1019 3491 1088 3541 dua.
1109 3517 1139 3527 -
1161 3491 1199 3539 Ct.
1222 3491 1303 3540 etiam
1326 3491 1426 3541 Bened.

303 3571 376 3632 xw,
397 3569 435 3620 De
451 3569 585 3634 sacrificio
607 3572 707 3630 missae,
724 3573 809 3622 sectio
829 3587 859 3629 11,
879 3587 905 3618 ιι.
925 3577 953 3620 31
975 3587 1025 3634 sq.,
1049 3571 1172 3629 Lovanii,
1195 3576 1269 3625 1762,
1291 3587 1317 3634 p.
1338 3575 1381 3625 tt:
1399 3599 1427 3608 —

301 3655 330 3704 et
351 3651 435 3716 Epist.
459 3651 623 3710 Declarasti,
648 3657 677 3700 16
697 3651 786 3700 martii
806 3654 880 3710 tt-to',
905 3655 917 3710 ς
942 3651 1077 3700 Praeterea
1099 3649 1176 3700 uobis
1201 3650 1289 3715 (Butt.
1316 3651 1425 3706 Bened.¹

302 3739 320 3786 t.
343 3749 373 3793 u,
390 3747 415 3782 n.
434 3733 483 3796 ιιι).

332 3815 342 3850 ¹
358 3812 435 3862 Unde
451 3812 589 3861 concessio
606 3827 658 3860 non
674 3812 777 3874 proluit
792 3811 938 3874 provinciae
958 3810 1126 3868 Bonssittom
1143 3811 1170 3858 in
1188 3797 1241 3874 qua
1257 3813 1426 3862 consuetudo

301 3893 443 3953 remansit,
459 3895 489 3942 ut
504 3897 591 3942 antee.
610 3893 684 3942 Licet
699 3895 788 3942 autem
804 3891 888 3940 multu
903 3892 1023 3940 dominia
1038 3891 1073 3954 (v.
1085 3906 1121 3954 g.,
1133 3891 1160 3938 in
1172 3891 1298 3939 Americu
1313 3892 1425 3941 centreli

300 3977 328 4024 et
347 3972 530 4036 meridionali)
546 3987 599 4020 ιιοιι
617 3972 732 4035 amplius
752 3987 822 4020 nunc
838 3971 960 4033 subjecta
980 3972 1034 4020 sint
1050 3971 1187 4034 Hispaniae
1203 3973 1249 4020 aut
1265 3971 1423 4026 Lusitaniae„

299 4057 421 4104 remanet
439 4055 528 4102 tamon
549 4051 686 4102 indultum
707 4052 787 4100 trium
807 4051 958 4100 missarum.
978 4051 1008 4099 ln
1024 4063 1133 4115 genero,
1149 4054 1250 4114 praeter
1265 4051 1423 4114 Hispaniam

299 4139 327 4185 ct
343 4133 523 4192 Lusitaniam,
536 4133 608 4194 riget
619 4133 698 4181 hodie
711 4133 762 4180 hoc
774 4131 910 4181 indultum
924 4147 972 4194 pro
989 4136 1046 4181 tota
1058 4131 1096 4179 sic
1106 4131 1178 4179 dicta
1192 4131 1317 4179 Amerina
1328 4131 1421 4180 latina.

298 4215 338 4264 Ct.
355 4215 422 4262 Aeta
441 4213 467 4262 et
487 4213 601 4262 Decreta
620 4210 730 4262 concilii
748 4211 870 4275 plenarii
888 4211 1020 4260 Americae
1040 4209 1145 4268 latinae,
1162 4225 1205 4260 en.
1225 4215 1298 4267 1899,
1321 4226 1346 4259 ιι.
1363 4215 1421 4262 stt.

299 4295 405 4352 noma,
420 4297 492 4349 ιιοιι,
510 4307 535 4355 p.
552 4297 591 4342 es.
