3224 5044
290 495 340 550 ldss
769 499 813 548 DE
832 498 934 550 Mlssx

290 649 441 730 tempore
466 641 598 730 elapso,
620 641 667 731 pii
685 641 919 708 benefactores
942 640 1123 729 participes
1147 641 1268 706 fierent
1287 639 1420 705 sacrifi-

290 753 417 820 ciorum
432 777 507 843 quee
521 753 556 818 in
568 755 728 820 universo
744 754 870 821 Ordine
885 777 946 843 pro
961 752 1233 820 benefactoribus
1245 754 1280 818 in
1293 775 1421 839 genere

288 868 487 934 offeruntur.
514 905 569 924 -.
584 867 683 946 Quod
710 875 821 934 totum
840 876 956 933 narrat
980 867 1052 956 ipse
1077 867 1283 934 Benedictus
1302 865 1418 932 xlv¹.

333 1079 401 1148 72.
415 1119 459 1128 —-
471 1081 530 1149 De
544 1081 586 1150 vi
600 1081 916 1168 proesoriptionis
935 1080 1009 1149 heo
1022 1082 1067 1149 in
1081 1099 1138 1149 ro.
1154 1119 1198 1128 —
1213 1078 1422 1145 Controver-

288 1192 372 1258 titur
390 1201 505 1260 utrum
524 1195 666 1260 ecclesia
684 1195 739 1260 vel
758 1195 971 1277 institutum,
992 1195 1048 1260 vel
1067 1194 1262 1282 capellanus
1285 1193 1423 1282 possint

284 1309 504 1393 prescribere
523 1315 639 1374 contra
664 1332 751 1374 onus
775 1309 971 1392 missarum,
994 1309 1041 1374 ita
1059 1315 1114 1390 ut,
1138 1309 1166 1372 si
1190 1307 1317 1372 tabulae
1342 1307 1422 1372 fun-

288 1422 435 1488 dationis
453 1421 612 1510 jubeont,
635 1446 668 1490 v.
695 1447 744 1510 g.,
767 1423 917 1511 quinque
941 1423 1062 1488 missas
1087 1445 1217 1488 annuas
1237 1420 1419 1510 applicari,

288 1535 330 1600 ad
350 1544 496 1623 quatuor
514 1543 648 1601 tantum
666 1537 722 1605 vel
747 1537 850 1603 etiam
874 1537 917 1602 ad
936 1537 1067 1602 nullam
1087 1536 1268 1602 reducatur
1287 1535 1423 1622 obliga-

287 1647 350 1730 tio,
372 1649 406 1712 vi
425 1650 699 1738 praescriptionis,

334 1763 366 1826 l⁰
390 1762 477 1846 Alii,
504 1763 697 1852 etquidem
724 1765 824 1832 multi
850 1773 884 1832 et
909 1789 1033 1853 graves
1061 1767 1234 1844 doctoreS‚
1261 1771 1422 1829 asserunt

287 1877 593 1966 praescriptionem,
626 1878 726 1944 modo
753 1879 878 1946 debitis
906 1881 951 1945 sit
980 1879 1111 1946 munita
1134 1878 1324 1967 requisitis,
1350 1878 1421 1942 vim

288 2015 385 2058 suam
410 2015 546 2058 exerere
570 2016 670 2081 posse
700 1993 803 2059 etiam
827 2001 946 2059 contra
971 2017 1058 2059 onus
1081 1993 1275 2058 missarum.
1298 1992 1419 2059 Nam:

290 2105 320 2171 l.
340 2106 571 2193 Praescriptio,
584 2108 684 2195 juxta
698 2107 863 2196 principia
878 2109 1067 2195 generalia,
1083 2114 1195 2196 potest
1210 2107 1422 2172 invalescere

289 2225 405 2283 contra
430 2221 669 2306 quodcumque
686 2223 750 2308 jus
775 2229 834 2288 aut
857 2224 985 2288 bonum
1012 2223 1169 2303 alterius,
1195 2221 1260 2286 nisi
1284 2221 1321 2284 in
1345 2219 1422 2308 lege

288 2337 435 2418 ponatur
461 2332 617 2418 specialis
644 2336 810 2424 exceptio,
841 2337 945 2402 Porro
973 2337 1007 2400 in
1031 2336 1107 2423 lege
1136 2335 1297 2400 canonica
1327 2335 1422 2400 nulla

289 2443 414 2530 legitur
427 2445 538 2533 posita
555 2449 709 2534 exceptio
725 2449 866 2515 relative
887 2450 929 2515 ad
948 2473 1035 2514 onus
1049 2450 1245 2529 missarum3
1264 2471 1363 2535 erga,
1388 2449 1421 2512 in

289 2564 406 2622 nostro
426 2581 522 2640 casu,
541 2561 712 2648 praescribi
732 2571 845 2651 potest
860 2570 977 2629 contra
993 2563 1052 2651 jus
1068 2562 1160 2652 quod
1179 2562 1281 2628 habet
1301 2562 1423 2628 defun-

290 2678 365 2736 ctus
384 2679 422 2737 ut
441 2673 506 2738 sibi
526 2675 739 2742 celebrentur
759 2677 909 2766 quinque
930 2678 1054 2743 missae.
1074 2678 1144 2742 Nec
1163 2676 1265 2743 refert
1283 2676 1347 2741 hoc
1364 2677 1423 2764 jus

291 2809 365 2852 esse
381 2787 572 2875 spirituale;
596 2790 791 2854 nemetiam
813 2797 931 2855 contra
946 2791 1024 2878 jura
1040 2790 1229 2878 spiritualia
1249 2789 1424 2878 praescribi

291 2907 415 2988 potest,
433 2926 466 2967 v.
485 2927 533 2990 g.,
551 2903 608 2992 jus
628 2903 791 2989 eligendi,
814 2905 1058 2992 praesentandi,
1076 2911 1157 2986 ete,
1175 2911 1208 2970 et
1228 2905 1301 2992 ipsa
1320 2903 1424 2970 bene·

292 3015 383 3094 ficia,
402 3015 524 3102 quibus
543 3017 643 3082 valde
663 3024 744 3083 sunt
762 3018 881 3083 affines
901 3019 964 3106 piae
980 3018 1212 3098 fundationes,
1235 3018 1425 3083 admittunt

292 3129 600 3216 prescriptionem,
626 3139 665 3196 ut
694 3139 828 3198 constat
854 3156 884 3198 c.
915 3133 1003 3196 Cum
1029 3133 1069 3196 de
1098 3133 1274 3218 heneficiO,
1304 3135 1343 3214 5,
1373 3133 1425 3198 Du

294 3263 487 3324 rnnnexnrs,
514 3243 547 3307 in
576 3246 634 3310 Vl.
661 3285 704 3293 -
731 3247 762 3312 2.
790 3247 867 3312 Non
894 3253 1007 3335 potest
1032 3246 1086 3312 hic
1115 3246 1278 3336 applicari
1304 3249 1424 3335 regula

296 3355 480 3440 generalis,
502 3357 536 3420 vi
560 3359 657 3446 cujus
681 3369 798 3426 contre
824 3384 889 3426 noa
915 3361 1079 3426 ualentem
1103 3383 1202 3447 apere
1222 3385 1289 3426 non
1312 3363 1425 3426 currit

292 3469 540 3556 prascriptio²,·
559 3495 655 3554 nam,
678 3474 707 3538 si
726 3474 906 3540 defunctus
921 3475 1038 3563 nequit
1058 3498 1157 3562 agere
1176 3498 1236 3562 per
1254 3499 1306 3558 se,
1324 3499 1426 3562 agere

296 3591 409 3673 potest
427 3607 487 3672 per
511 3586 611 3667 alioS,
634 3611 755 3676 nempe
779 3613 839 3677 per
859 3597 1057 3654 executores
1081 3589 1293 3672 testamenti,
1320 3590 1427 3656 heere-

297 3699 373 3782 des,
400 3707 434 3765 et
460 3701 562 3766 etiam
588 3725 647 3789 per
674 3702 871 3790 episcopum
895 3725 997 3790 quem
1019 3703 1076 3791 jus
1102 3704 1303 3768 canonicum
1326 3703 1426 3790 jubet

297 3837 371 3879 esse
387 3823 602 3880 executorem
617 3817 768 3881 omnium
784 3817 916 3905 piarum
932 3817 1209 3905 dispositionum,
1227 3817 1277 3882 uti
1290 3825 1427 3883 constat

299 3951 392 3994 conc.
420 3929 526 3997 Trid..
558 3953 587 3995 c.
616 3931 791 4017 Episcopi,
819 3930 855 4012 8,
882 3953 966 3996 sese.
994 3931 1106 4013 XXll,
1134 3931 1185 3996 De
1210 3951 1280 3998 ner.
1307 3933 1426 3998 -lta

331 4140 339 4173 ¹
357 4139 395 4188 De
407 4142 524 4204 synodo,
541 4141 587 4189 lib.
605 4141 681 4202 Xlll,
698 4158 721 4191 c.
738 4143 798 4202 ult,
814 4158 840 4190 n.
854 4149 881 4202 9,
899 4147 936 4190 13.

330 4219 398 4268 ²Dc
418 4235 470 4283 qua
490 4222 523 4270 cf.
541 4223 729 4282 Reiflenstuel,
746 4224 772 4271 in
793 4224 835 4272 tit.
855 4223 893 4271 De
914 4221 1183 4286 praescriptionibus,
1201 4239 1226 4271 n.
1245 4227 1373 4282 too-tou
1396 4251 1425 4261 -

301 4299 432 4357 Barbarie,
450 4303 486 4349 De
499 4301 586 4366 officio
603 4303 740 4368 Episcopi,
756 4305 833 4366 alleg.
851 4309 907 4360 tan,
925 4319 950 4352 n.
966 4309 1002 4351 16.
