3246 5026
659 421 859 508 n'oeunsura
1271 457 1320 510 am

194 601 459 662 declarationibus
474 601 653 681 plenissime
668 609 699 661 et
714 603 903 682 amplissime
918 603 1081 683 approbat,
1099 603 1276 676 confirmat,
1292 611 1323 662 et

195 701 341 772 innovat,
364 697 529 778 omniaque
550 705 581 756 et
600 697 720 776 singula
741 698 855 758 ibidem
876 706 1022 759 contenta
1042 707 1072 758 et
1092 719 1250 779 expressa,
1267 699 1323 758 ite-

195 816 264 854 rum
281 794 366 854 omni
386 793 507 853 meliori
522 793 618 853 modo
633 794 788 867 decernit,
806 795 932 868 statuit,
949 816 984 855 ac
999 795 1037 854 ab
1053 794 1198 855 omnibus
1217 801 1248 854 et
1262 796 1323 854 sin·
1360 789 1361 796 ¹

194 891 275 970 gulis
297 891 391 950 etiam
416 889 542 970 speciali
567 899 599 949 et
622 889 806 950 individuali
830 899 903 950 nota
925 911 977 950 seu
1001 891 1198 972 expressione
1220 890 1322 970 dignis

195 987 321 1068 penitus
336 987 495 1046 observari
516 994 548 1045 et
567 986 754 1047 omnimodae
775 987 950 1046 executioni
971 987 1149 1048 demandari
1165 987 1320 1061 decernit,

194 1084 310 1156 sancit,
328 1090 358 1142 et
374 1083 527 1164 praecipit.

234 1183 250 1253 ξ
268 1183 314 1240 17.
333 1179 465 1259 Insuper
484 1179 564 1238 utin
585 1199 617 1238 re
635 1179 711 1238 tanti
727 1179 876 1238 momenti
892 1179 1080 1252 consultius,
1097 1200 1133 1238 ac
1148 1180 1269 1260 majori,
1288 1189 1322 1238 ut

195 1295 250 1356 par
269 1283 331 1348 est,
353 1274 633 1356 circumspectione
652 1274 849 1355 procedatur,
871 1275 970 1356 siqui
993 1275 1098 1335 forsan
1120 1275 1249 1350 luerint,
1271 1275 1320 1334 vel

194 1370 271 1446 sint,
288 1371 341 1452 qui
357 1372 420 1432 suis
440 1371 560 1453 pravis,
578 1379 609 1431 et
629 1371 767 1431 erroneis
787 1370 1028 1444 intentionibus,
1046 1391 1099 1431 seu
1120 1363 1320 1451 opinionibus

194 1467 327 1527 blandiri
352 1467 510 1540 volentes,
534 1467 697 1526 missarum
720 1467 962 1527 celebrationem
985 1468 1132 1528 omittant
1154 1467 1212 1527 sub
1234 1468 1319 1527 mali·

195 1563 288 1638 tiosn,
305 1565 355 1623 vel
375 1563 580 1623 irrationabili
597 1584 652 1644 spe
670 1563 847 1624 earumdem
869 1563 1146 1638 condonationem,
1162 1564 1210 1622 vel
1226 1563 1319 1623 redu-

192 1659 328 1719 ctionem
347 1681 364 1720 a
385 1659 464 1720 Sede
485 1661 596 1740 Apost.
619 1660 668 1718 vel
684 1661 943 1740 compositionem
963 1683 979 1721 a
1002 1661 1170 1721 reverenda
1191 1659 1318 1734 Fabrica

194 1756 292 1816 sancti
312 1754 396 1816 Petri
416 1756 454 1815 de
472 1755 555 1816 Urbe
576 1756 757 1830 obtinendi;
775 1756 984 1836 Congregatio
1005 1758 1145 1838 praefata,
1167 1764 1232 1816 tum
1252 1777 1319 1816 eos·

192 1851 279 1926 dem,
297 1859 362 1911 tum
383 1873 597 1933 quoscumque
617 1853 710 1924 alios,
730 1853 782 1933 qui
803 1853 934 1934 posthac
960 1854 991 1913 in
1016 1853 1094 1914 adeo
1119 1851 1318 1912 detestabiles

193 1948 308 2008 abusus
331 1949 398 2008 ausi
426 1948 542 2008 fuerint
566 1948 738 2023 offendere,
765 1950 913 2010 certiores
940 1949 1004 2010 fieri
1031 1957 1062 2009 et
1089 1949 1224 2008 monitos
1251 1969 1318 2008 esse

194 2044 308 2118 voluit,
332 2044 477 2124 praefatas
497 2045 742 2105 condonationes
762 2053 793 2106 et
813 2046 1009 2106 reductiones
1031 2045 1070 2105 ab
1093 2045 1200 2104 eadem
1221 2045 1315 2117 Sede,

193 2139 316 2199 nonnisi
332 2161 369 2199 ex
387 2140 563 2200 rationabili
580 2162 672 2201 causa
689 2163 741 2202 seu
763 2163 850 2223 ecqua
866 2141 1147 2215 commiseratione,
1164 2141 1318 2221 composi-

194 2235 293 2296 tiones
308 2257 383 2296 vero
399 2257 415 2297 e
430 2237 513 2296 dicta
528 2237 656 2296 Fabriea
673 2245 779 2298 utente
795 2239 859 2298 suis
875 2237 1075 2298 facultatibus
1090 2246 1120 2298 et
1133 2237 1315 2320 priuilegiiS,

193 2332 316 2395 nonnisi
331 2352 367 2392 ex
383 2353 476 2393 causa
489 2333 606 2413 puriter
620 2334 809 2409 rationabili,
824 2343 854 2394 et
869 2355 940 2394 cum
956 2333 1103 2394 clausulis
1118 2333 1315 2415 opportuniS,

192 2437 223 2488 et
250 2429 423 2509 praesertim
449 2450 520 2490 cum
548 2429 628 2490 illa:
658 2429 835 2491 Dummodo
862 2429 1019 2490 malitiose
1045 2451 1106 2490 non
1135 2428 1314 2506 omiserint,

191 2523 298 2585 animo
313 2523 455 2585 habendi
468 2525 739 2607 compositionem,
757 2525 838 2586 alias
857 2525 963 2608 pratia
983 2527 1072 2587 nullo
1091 2525 1183 2586 modo
1201 2524 1317 2607 suffra-

192 2629 295 2702 qetur,
311 2621 436 2682 admitti
451 2623 650 2682 consuevisse
665 2630 696 2682 et
711 2623 828 2694 solere;
845 2630 1046 2703 quapropter,
1064 2629 1099 2682 ut
1114 2623 1200 2682 locus
1216 2623 1317 2682 omnis

192 2716 224 2775 in
245 2725 403 2800 posterum
425 2717 509 2778 hisce
528 2719 738 2798 praetextibus
752 2717 973 2798 praecludatur,
994 2725 1164 2778 memoratu
1180 2718 1317 2796 Congre-

192 2813 276 2892 gatio
291 2814 370 2875 tales
389 2815 596 2888 intentiones,
614 2815 792 2894 opiniones,
809 2835 863 2874 seu
879 2834 964 2894 spes,
981 2835 1017 2875 ac
1031 2814 1314 2893 eleemosynarum,

191 2911 257 2969 sive
272 2910 303 2969 in
320 2918 402 2985 toto,
420 2911 485 2970 sive
504 2911 534 2969 in
555 2919 642 2992 parte
662 2911 818 2971 versiones
837 2911 868 2969 in
888 2910 983 2971 alium
1003 2930 1095 2990 quam
1116 2909 1315 2990 praelatarum

192 3007 357 3066 missarum
378 3028 484 3080 usum,
506 3028 560 3068 seu
581 3006 840 3082 satisfactionem,
862 3015 893 3067 et
912 3026 1123 3088 quascumque
1142 3005 1218 3066 alias
1237 3005 1316 3065 dire-

192 3110 258 3162 ctas
284 3103 333 3162 vel
356 3102 539 3176 indirectas,
563 3103 757 3164 immediatas
779 3103 829 3164 vel
853 3103 1003 3164 medietas
1027 3101 1314 3176 contraventiones,

192 3197 330 3260 declarat
364 3221 490 3280 prorsus
522 3199 766 3273 irrationabiles,
797 3200 929 3281 injustas
962 3208 993 3259 et
1021 3199 1155 3272 illicitas,
1186 3198 1317 3280 illasque

191 3293 320 3354 omnino
336 3296 496 3377 reprobat,
514 3303 545 3356 et
558 3296 685 3358 damnat
700 3303 731 3356 et
745 3296 916 3358 interdicit.

143 3397 146 3404 ’
232 3395 247 3466 ᾗ
271 3393 318 3452 18.
343 3391 485 3472 Cumque
509 3391 690 3472 hujusmodi
714 3393 847 3454 absurda
872 3415 909 3452 ex
934 3413 972 3454 eo
996 3393 1179 3475 plerumque
1203 3413 1316 3474 prove-

192 3487 295 3561 niant,
316 3487 401 3568 quod
422 3507 515 3547 onera
535 3488 699 3549 missarum
722 3511 815 3569 supra
840 3489 921 3550 vires
943 3491 1164 3570 suscipiantur,
1185 3496 1317 3548 caveant

192 3604 311 3658 omnes,
327 3591 359 3644 et
373 3583 487 3663 singuli
502 3593 650 3660 rectores,
667 3585 841 3666 superiores
856 3593 887 3645 et
902 3585 1035 3645 ministri
1050 3604 1317 3666 quarumcumque

193 3687 258 3740 tum
292 3680 495 3754 secularium,
531 3689 594 3741 tum
628 3681 815 3760 regularium
849 3681 1065 3754 ecclesiarum,
1103 3702 1156 3741 seu
1193 3679 1316 3740 illarum

190 3775 343 3856 capitula,
361 3797 399 3836 ne
414 3798 525 3852 onera,
542 3799 595 3837 seu
612 3778 735 3850 missae,
753 3784 819 3838 tum
836 3784 1017 3858 perpetuas,
1035 3783 1100 3837 tum
1118 3775 1315 3858 temporaleS,

192 3879 257 3931 tum
274 3873 366 3932 etiem
383 3873 557 3948 manualeS,
574 3894 706 3955 quarum
722 3873 928 3934 satisfactioni
943 3873 1077 3954 impares
1093 3873 1224 3946 fuerint,
1241 3894 1317 3954 quo-

190 3989 254 4050 quo
267 3969 363 4029 modo
379 3969 568 4050 suscipiant;
586 3976 682 4050 utque
697 3969 844 4050 idipsum,
857 3969 960 4050 quoad
976 3970 1042 4030 fieri
1057 3969 1184 4051 poterit,
1199 3977 1315 4049 pateat,

192 4072 357 4126 teneantur
378 4065 471 4125 iidem
494 4067 648 4126 conficere
673 4087 857 4148 semperque
879 4067 910 4125 in
933 4065 1003 4126 loco
1025 4067 1123 4144 magis
1145 4065 1264 4146 patenti
1286 4073 1317 4125 et

191 4161 286 4222 obvio
309 4162 443 4223 retinere
466 4161 611 4223 tabellam
634 4183 762 4223 onerum
785 4170 1024 4244 perpetuorum,
1046 4170 1077 4222 et
1098 4161 1315 4243 temporalium

191 4257 304 4319 litteris
339 4259 528 4340 perspicuis,
559 4267 590 4320 et
625 4257 873 4338 intelligibilibus
908 4260 1152 4341 descriptorum,
1181 4279 1316 4341 quorum
