3224 5044
568 507 611 558 DE
629 507 737 558 Missis
756 508 775 558 F
779 507 920 558 urebaris
1257 507 1307 562 145

224 675 256 717 a.
287 651 322 717 Si
353 657 483 717 attente
514 651 609 738 legas
637 651 839 740 prooemium
868 653 1090 718 Decretorum
1116 676 1171 718 an.
1201 655 1302 730 1625,
1344 686 1348 702 ·

180 765 270 830 clare
281 765 478 853 perspicies,
494 765 707 830 occasionem
720 774 754 830 et
765 766 931 831 rationem
945 767 1064 832 horum
1073 767 1303 847 decretorum;

180 879 295 966 agitur
315 879 405 943 enim
430 879 471 944 de
496 879 538 943 iis
563 879 732 960 ecclesiis,
755 880 827 944 sive
852 879 1086 962 saecularibus,
1116 882 1188 946 sive
1208 905 1306 969 regu-

181 992 326 1074 laribuS,
363 1016 455 1080 quar,
480 994 559 1079 jam
588 1001 732 1058 oneratae
759 1002 790 1058 ct
820 1002 968 1079 provata
996 996 1104 1060 missis
1131 997 1304 1081 fundatis,

181 1107 293 1171 adhuc
318 1108 353 1171 in
380 1109 451 1172 dies
484 1129 584 1172 novae
613 1108 794 1172 missarum
822 1110 1041 1194 fundationes
1071 1111 1304 1196 acceptabant,

181 1243 397 1308 quocumque
422 1223 605 1308 stipendio,
642 1228 819 1310 sperantes
854 1245 934 1304 moa
962 1222 1005 1286 ab
1038 1223 1216 1312 Episcopis
1249 1232 1308 1291 aut

182 1333 421 1422 Superioribus
440 1334 667 1422 Regularibus
686 1358 865 1400 numerum
883 1336 1063 1401 missarum
1079 1337 1308 1404 reducendum

182 1470 269 1514 esse.
292 1449 389 1515 Unde
410 1449 444 1516 S.
468 1450 594 1537 Congr.
611 1449 715 1516 Cone.
734 1471 892 1536 expresse
906 1448 1079 1536 prohibuit
1091 1471 1133 1514 ne
1150 1451 1322 1540 Episcopi·

183 1571 240 1628 aut
259 1563 459 1652 Superiores
480 1564 667 1650 Regulares
687 1563 808 1628 missas
827 1563 1044 1644 reducerent,
1064 1564 1197 1630 etiamsi
1215 1566 1308 1652 lega-

185 1685 255 1742 tum
281 1685 371 1743 esset
399 1685 512 1744 tenue.
542 1717 585 1726 -
612 1677 733 1758 Porro,
756 1685 794 1742 ut
817 1683 929 1764 patet,
952 1677 994 1742 ab
1018 1678 1081 1742 hoc
1106 1701 1186 1744 casu
1206 1681 1308 1767 longe

183 1791 342 1858 diversus
371 1799 424 1857 est
451 1815 551 1857 casus
577 1815 678 1880 quem
702 1815 793 1856 nunc
818 1792 1105 1880 contemplamur,
1138 1794 1308 1861 redituum

182 1927 306 1994 nempe
331 1907 431 1971 initio
456 1906 594 1994 quidem
619 1905 877 1986 sufficientium,
900 1906 1027 1971 sedita
1051 1906 1309 1975 imminutorum

184 2017 274 2106 (sine
300 2019 400 2108 culpa
424 2027 594 2086 rectorum
623 2019 773 2086 ecclesia¹
802 2026 861 2084 aut
885 2020 1063 2103 instituti),
1090 2027 1129 2086 ut
1149 2021 1221 2108 jam
1241 2043 1311 2088 non

183 2134 356 2199 sufficiant
375 2135 418 2200 ad
440 2157 542 2200 onera
561 2133 750 2223 implenda3
773 2133 828 2198 hic
848 2134 939 2198 enim
964 2135 1058 2200 nulla
1087 2133 1193 2216 fraus,
1216 2135 1310 2202 nulla

183 2248 351 2314 malitiosa
375 2256 434 2314 aut
465 2249 660 2336 imprudens
684 2247 909 2314 accumulatio
933 2249 1125 2314 missarum.
1152 2287 1196 2297 -
1220 2249 1309 2335 Ergo

183 2362 226 2427 ad
249 2363 341 2427 hunc
364 2385 480 2428 casum
500 2385 567 2428 non
592 2362 717 2428 debent
738 2362 874 2428 extendi
898 2363 1038 2428 Decreta
1063 2385 1118 2429 an.
1147 2363 1244 2430 1625.
1267 2402 1311 2414 -

184 2475 260 2542 Soio
294 2477 406 2564 legem
441 2499 509 2542 non
545 2499 619 2542 esse
658 2475 894 2564 requirendam
930 2499 971 2540 ex
1008 2483 1102 2563 parte
1137 2479 1310 2544 narrative

183 2590 412 2673 decretorum,
435 2591 495 2656 sed
519 2599 674 2679 exparte
694 2591 992 2677 diepoaitiva,quae
1013 2590 1085 2656 sola
1104 2591 1238 2678 proprie
1259 2598 1311 2656 est

184 2705 256 2784 lex3
278 2707 338 2772 sed
357 2713 472 2771 tamen
491 2705 607 2792 negari
634 2706 768 2794 nequit,
791 2703 925 2793 quando
950 2703 1039 2768 adsit
1059 2704 1171 2792 aliqua
1191 2705 1311 2770 obscu-

185 2819 266 2884 ritas
285 2827 343 2885 aut
362 2819 565 2907 ambiguitas
584 2819 619 2884 in
634 2818 763 2898 verbiS,
781 2819 893 2884 sinon
913 2817 1040 2904 legem,
1058 2817 1180 2882 saltem
1200 2818 1311 2883 lucem

183 2933 309 3023 requiri
328 2957 427 3023 posse
447 2941 598 3022 exparte
618 2919 719 3000 etiam
740 2931 912 2997 narrative
933 2931 1157 2996 decretorum.

229 3049 263 3114 b.
285 3049 390 3114 Juxta
415 3071 534 3114 omnes
558 3050 614 3129 (ut
638 3069 739 3134 supra
764 3045 980 3126 dictumest,
1008 3067 1042 3110 n.
1071 3044 1160 3132 Ι70),
1188 3044 1216 3108 si
1241 3051 1311 3110 tota

184 3163 247 3228 dos
265 3168 397 3250 pereat,
420 3169 531 3228 totum
545 3161 632 3250 perit
652 3169 686 3227 et
705 3183 807 3242 anua,
826 3159 904 3248 quia
925 3181 1046 3246 nempe
1065 3157 1137 3224 haec
1157 3164 1209 3223 est
1227 3181 1311 3247 prae-

184 3283 320 3364 sumpta
344 3277 504 3342 voluntas
528 3275 716 3356 testatoris,
739 3275 805 3339 imo
830 3295 898 3338 non
923 3273 1034 3362 potuit
1057 3272 1122 3338 alia
1142 3295 1216 3338 esse
1236 3272 1310 3360 ejus

184 3390 355 3456 voluntas.
378 3427 421 3440 —
441 3390 547 3477 Ergo,
570 3413 588 3454 a
607 3389 696 3477 pari,
719 3388 747 3452 si
766 3411 845 3476 pars
864 3393 979 3475 pereat
998 3385 1104 3468 dotis,
1126 3411 1203 3475 pars
1222 3387 1311 3475 perit

184 3511 218 3570 et
237 3503 365 3584 oneris;
389 3504 459 3569 hacc
486 3503 576 3568 enim
603 3501 706 3568 etiam
726 3508 778 3566 est
797 3508 1004 3589 praesumpta
1024 3500 1182 3566 voluntas
1204 3507 1310 3566 testa-
1401 3583 1404 3590 Ι

184 3621 284 3700 toris3
311 3619 402 3708 quod
427 3618 517 3684 enim
542 3618 583 3682 de
608 3623 678 3682 toto
699 3617 839 3696 dicitur,
861 3621 895 3681 et
919 3614 960 3679 de
985 3621 1079 3702 parte
1105 3613 1170 3678 dici
1190 3611 1308 3694 debet,

184 3741 222 3798 ut
241 3732 377 3799 dicebat
390 3733 448 3821 jus
463 3753 641 3797 romanum
660 3731 718 3813 (L.
743 3729 840 3804 Quod
859 3730 898 3792 de
919 3737 1004 3811 tota,
1027 3727 1085 3809 76,
1113 3727 1162 3809 ib,
1193 3727 1242 3792 De
1263 3728 1311 3792 rei

185 3849 423 3930 vindicatione,
446 3845 504 3925 Vl,
526 3845 564 3934 ι),
586 3851 620 3909 et
634 3845 711 3933 jure
730 3841 877 3908 naturali
896 3841 958 3907 hac
978 3841 1012 3906 iu
1031 3863 1067 3906 re
1087 3839 1216 3906 clarum
1236 3863 1310 3908 esse

184 3961 329 4027 videtur.
351 3999 396 4010 —-
408 3959 504 4028 Unde
524 3965 558 4025 et
573 3958 710 4047 quidam
729 3957 848 4022 dieunt
867 3955 968 4021 etiam
987 3954 1215 4020 interventum
1231 3953 1310 4044 Epi-

184 4075 277 4164 scopi
297 4097 365 4140 non
384 4073 539 4162 requirit
563 4071 661 4153 Quod
681 4079 795 4136 tamen
815 4069 975 4135 ultimum
999 4069 1218 4157 rejiciendum
1238 4075 1306 4151 est,

215 4245 223 4280 ¹
243 4245 285 4294 Fr.
300 4260 315 4294 a
329 4245 464 4303 Mostazo,
477 4243 513 4292 De
527 4241 617 4292 causis
628 4241 698 4304 piis,
714 4239 761 4288 lib.
778 4238 816 4299 u,
830 4254 853 4287 c.
870 4253 918 4298 xn,
935 4254 961 4287 n.
982 4241 1068 4298 to-tt,
1081 4237 1217 4298 Venetiis,
1235 4243 1307 4298 17³5,

184 4339 210 4388 p.
228 4331 285 4385 119,
301 4341 362 4375 cum
376 4325 499 4389 pluribus
513 4337 581 4387 quos
593 4321 702 4384 alleget.

290 4437 372 4472 mssa.
1137 4413 1168 4467 10
