3180 5024
323 481 374 535 256
806 481 851 532 DE
868 481 968 532 tussa

321 627 484 692 stratione
499 635 533 692 et
547 625 721 691 exactione
736 625 923 707 redituum,
942 625 1014 691 sive
1029 649 1095 712 pro
1109 629 1215 692 sacris
1235 631 1440 713 utensilibus,

321 743 392 806 sive
411 765 472 828 pro
492 741 567 806 aliis
586 739 785 805 necessariis
804 739 975 828 expensis.
1001 769 1017 802 o

366 856 403 923 B.
427 853 546 934 Quoad
565 861 696 943 partem
715 855 926 920 retinendam
946 854 988 920 ab
1007 853 1352 938 administratoribus,
1374 860 1443 924 lia-e

320 969 487 1035 dicenda:
511 967 541 1034 l.
560 967 594 1034 Si
612 975 757 1056 utraque
776 991 869 1056 parS,
887 967 1021 1034 fabricae
1040 992 1162 1056 nempe
1177 976 1212 1035 et
1231 971 1438 1053 celebrantis,

319 1083 544 1149 determinata
568 1082 669 1148 luerit
693 1081 727 1146 in
752 1081 878 1146 tabulis
902 1082 1155 1164 fundationum,
1182 1083 1277 1150 nulla
1301 1085 1440 1150 difficul-

319 1206 388 1280 tas3
409 1237 455 1248 -
473 1197 504 1262 2.
528 1197 650 1263 Sinon
670 1195 770 1261 fuerit
790 1197 1028 1278 determinata,
1050 1197 1123 1262 dari
1141 1196 1243 1262 debet
1262 1198 1439 1266 celebranti

320 1311 544 1402 stipendium,
565 1333 629 1376 usu
649 1310 704 1374 vel
728 1316 856 1375 statuto
881 1309 1066 1398 episcopali
1085 1317 1239 1376 taxatum
1262 1336 1322 1401 pro
1342 1314 1436 1378 missa

319 1426 475 1506 fundata,
503 1433 536 1491 et
560 1424 689 1512 reliqua
713 1447 791 1510 pars
815 1423 904 1488 cedit
928 1423 1080 1505 fabricam
1107 1425 1224 1513 quales
1248 1427 1354 1509 enim,
1375 1428 1437 1492 sal-

319 1548 388 1605 tem
408 1539 592 1618 ordinarie,
615 1536 704 1626 apud
728 1559 791 1601 nos
812 1537 948 1624 (supra,
971 1559 1005 1602 n.
1028 1537 1101 1624 95)
1122 1537 1346 1604 instituuntur
1367 1539 1439 1604 lun-

319 1654 488 1734 dationeS,
510 1651 677 1717 habentur
696 1657 734 1717 ut
748 1651 808 1736 pia
829 1651 955 1736 leqata,
976 1655 1069 1736 sacta
1090 1653 1169 1738 ipsis
1187 1654 1347 1737 ecclesiis,
1367 1677 1436 1719 cum

318 1791 416 1834 onere
436 1767 569 1832 numeri
583 1766 798 1830 determinati
818 1766 997 1830 missarum
1003 1785 1018 1849 ,⁰
1037 1789 1152 1854 porro,
1170 1765 1230 1832 ubi
1248 1767 1337 1834 adsit
1354 1768 1438 1855 lega·

318 1889 392 1949 tum
421 1905 498 1948 cum
525 1903 626 1947 onere
657 1880 853 1961 missarum,
885 1879 1069 1965 legatarius
1102 1881 1205 1945 solvit
1238 1881 1438 1971 stipendium

319 1998 457 2063 solitum
476 1995 681 2086 promissis,
699 2002 732 2058 et
752 1994 876 2058 retinet
895 1995 986 2081 quod
1005 1995 1174 2082 reliquum
1189 2002 1242 2060 est
1255 2001 1281 2078 ¹;
1298 2035 1341 2046 —
1356 1996 1387 2063 3.
1404 1993 1437 2059 ln

318 2133 531 2199 quocumque
561 2133 657 2190 casu,
689 2107 747 2196 jus
774 2108 929 2173 strictum
961 2107 1063 2174 habet
1095 2108 1222 2174 fabrica
1254 2110 1298 2176 ad
1331 2119 1438 2175 laxam

317 2225 530 2304 utensilium,
551 2232 590 2289 ut
610 2224 737 2288 dictum
758 2229 825 2302 est,
849 2229 883 2288 et
901 2223 1042 2311 proinde
1063 2229 1142 2314 taxa
1161 2225 1300 2290 retineri
1319 2231 1437 2313 potest,

317 2338 396 2404 licet
419 2338 497 2403 inde
521 2337 728 2426 stipendium
751 2317 954 2403 celebrantis
973 2343 1145 2403 remaneat
1170 2339 1272 2405 solito
1292 2339 1437 2404 inferius.

317 2591 319 2598 ·
363 2559 457 2628 138.
475 2597 519 2608 -
536 2560 581 2625 N.
604 2561 644 2626 B.
667 2559 702 2624 Si
722 2565 842 2645 agatur
861 2558 902 2624 de
922 2561 1095 2624 sacerdote
1114 2559 1309 2625 celebrante
1328 2559 1363 2624 in
1381 2558 1439 2624 ali-

317 2659 383 2763 qira
396 2673 538 2740 ecclesia
551 2675 672 2739 missas
689 2672 861 2738 nranualea
882 2673 1035 2760 quidem,
1056 2673 1118 2738 sed
1134 2675 1287 2760 quotidie
1304 2681 1362 2740 aut
1370 2679 1440 2759 sere

317 2789 483 2877 quotidie,
510 2795 606 2878 putat
630 2787 761 2852 Giraldi
785 2786 816 2851 ei
839 2786 1076 2874 applicandam
1101 2809 1176 2852 esse
1196 2793 1311 2853 taram
1334 2811 1440 2853 sacro

316 2927 392 2969 rum
406 2901 603 2970 utensilium
618 2904 639 2968 ².
663 2901 707 2967 Et
726 2923 858 2982 revera,
875 2902 967 2989 quod
982 2907 1113 2989 spectat
1127 2901 1170 2966 ad
1188 2924 1276 2966 onus
1296 2901 1437 2982 fabrica,

315 3040 436 3104 parum
451 3016 655 3082 discriminis
674 3023 726 3080 est
746 3003 833 3080 inter
852 3014 1060 3080 sacerdotem
1076 3015 1135 3103 qui
1153 3014 1304 3082 celebrat
1323 3016 1439 3081 missas

312 3139 509 3218 perpetuas,
545 3137 578 3194 et
611 3130 822 3194 sacerdotem
855 3129 914 3216 qui
941 3138 1106 3215 perpetuo
1140 3128 1290 3195 celebrat
1323 3131 1440 3196 missas

316 3245 502 3310 manuales.
531 3283 574 3292 -
601 3244 779 3324 Attamen,
808 3243 843 3307 in
870 3266 950 3308 casu
973 3265 1040 3331 quo
1064 3244 1129 3332 ipsi
1152 3243 1439 3311 administratores

315 3356 464 3423 ecclesiae
480 3357 645 3422 sacerdoti
665 3357 880 3423 committant
894 3357 1016 3423 missas
1030 3357 1266 3431 celebrandas,
1283 3358 1438 3424 standum

316 3478 368 3537 est
386 3493 487 3559 supra
506 3471 612 3536 relato
631 3494 794 3559 responso
814 3473 833 3538 l
852 3471 895 3537 ad
913 3472 1047 3538 decreta
1065 3495 1121 3548 an.
1145 3471 1229 3538 1625
1252 3477 1300 3561 tn.
1324 3471 1435 3557 136),

316 3585 476 3676 quiahoc
499 3607 700 3675 responsum
724 3609 792 3650 non
817 3586 997 3674 distinguit
1019 3586 1108 3652 inter
1126 3585 1248 3651 missas
1268 3585 1438 3652 manuales

312 3701 393 3787 plus
413 3701 562 3766 minusve
580 3703 780 3786 frequenter
799 3693 997 3767 celebratas.

348 3878 356 3912 ¹
376 3877 415 3928 Ct.
432 3878 459 3927 S.
475 3878 572 3940 Congr.
590 3877 681 3936 Cone,
699 3877 724 3925 in
746 3877 876 3935 llomaaa,
895 3878 1003 3944 Legati,
1023 3885 1037 3928 3
1055 3895 1115 3944 nug.
1134 3883 1206 3934 165&
1224 3879 1332 3928 Aetas,
1351 3878 1436 3931 Sedis,

329 3973 379 4006 ,ιν
425 3994 431 4008 .
484 3995 490 4017 ,
527 3995 533 4007 .
566 3994 571 4006 .

316 3961 560 4098 t¹l3iialiii‚nad
583 4037 715 4098 Barboss,
746 4039 785 4087 De
818 4037 909 4102 officio
935 4039 1063 4104 parochi,
1089 4055 1150 4104 pars
1175 4041 1199 4096 Ι,
1225 4055 1247 4087 c.
1277 4055 1315 4098 xr,
1344 4055 1369 4087 n.
1397 4043 1436 4089 5³.

317 4117 423 4177 Romae,
441 4123 514 4178 real,
531 4134 557 4182 p.
574 4121 628 4168 tot.
