3180 5024
234 479 279 528 DE
297 475 564 528 rnnusuisslonu
584 475 625 526 ET
643 473 868 526 COLLECTIONE
888 476 1202 529 ELEEMOSYNARUM·
1221 477 1272 529 207

144 620 349 701 sacerdotes,
366 619 471 708 ipsos
491 617 604 685 forsan
623 618 843 707 bibliopolas,
865 618 989 708 quibus
1008 629 1130 708 sponte
1149 623 1273 688 tradita

144 735 270 802 fuerint
300 757 404 800 onera
429 735 626 816 missarum,
649 733 748 822 etc.);
778 733 908 800 -sive
935 735 1117 820 praecisum
1142 743 1276 822 tempus

143 871 213 938 quo
235 849 312 935 fieri
335 848 454 914 debeat
480 848 539 912 iila
564 847 789 931 transmissio,
818 870 941 936 nempe
966 849 1002 913 in
1028 851 1093 914 fine
1117 849 1274 916 velanni

44 1029 51 1047 ,
143 964 251 1030 civilis
255 1013 267 1048 ,
282 963 338 1028 vel
349 962 430 1028 anni
441 962 652 1027 ecclesiastici
656 980 671 1045 ,·
687 999 731 1011 —
746 961 817 1028 sive
832 963 1032 1028 documenta
1049 986 1124 1052 qure
1139 966 1274 1032 anne'cti
1349 951 1353 960 ’

144 1077 290 1145 debeant
309 1076 487 1166 stipendiis
500 1076 650 1156 traditis;
668 1113 711 1125 -
726 1077 799 1141 sive
814 1099 996 1142 numerum
1011 1079 1271 1164 stipendiorum,

144 1216 219 1282 qum
238 1193 382 1280 quisque
401 1190 492 1279 apud
511 1213 546 1256 se
567 1213 700 1256 servare
720 1190 855 1278 poterit,
878 1191 987 1256 aliave
1000 1214 1075 1279 quac
1086 1191 1275 1282 Episcopus

143 1309 179 1372 in
213 1306 359 1371 Domino
386 1305 543 1393 expedire
568 1303 789 1391 judicaverit,
815 1312 854 1371 ut
882 1305 1007 1371 certius
1032 1307 1176 1373 satisfiat
1199 1314 1273 1373 tum

143 1419 314 1486 voluntati
339 1417 508 1500 fidelium,
544 1423 617 1483 tum
645 1425 815 1508 praecepto
846 1419 881 1486 S.
918 1419 1200 1508 Congregationis
1239 1421 1272 1485 in

144 1533 284 1623 precfato
309 1534 457 1599 decreto.
485 1530 673 1610 -Quoad
698 1555 861 1621 personas
889 1533 950 1598 hac
973 1533 1048 1621 lege
1073 1535 1271 1617 adstrictas,

143 1648 332 1714 notandum
352 1655 416 1729 est,
439 1645 551 1734 quoad
576 1645 761 1732 reputares,
783 1646 846 1712 hoc
865 1671 1066 1736 responsum
1086 1648 1121 1715 S.
1144 1649 1269 1736 Congr.

144 1761 317 1828 Concilii:
342 1788 358 1821 α
381 1759 415 1828 S.
438 1760 564 1848 Congr.
593 1759 697 1827 Cone.
795 1761 884 1826 haud
909 1762 1167 1850 improbandam
1182 1787 1272 1832 ,cen-

144 1877 213 1942 suit
233 1875 495 1957 sententiam,...
517 1875 678 1940 nimirum
698 1875 875 1961 religiosos
898 1877 1064 1964 parochos
1088 1877 1122 1942 vi
1141 1877 1273 1965 praefati

144 1991 272 2058 decreti
296 1989 404 2055 teneri
437 1989 573 2077 quidem
601 1989 768 2056 rationem
794 1989 933 2056 reddere
960 1991 1000 2055 de
1026 1989 1274 2058 intentionibus

145 2106 327 2171 missarum
347 2103 542 2184 Ordinario‚
561 2102 621 2168 sed
636 2102 813 2169 Ordinario
833 2103 985 2193 proprio,
1004 2105 1067 2170 hoc
1086 2111 1149 2187 est,
1168 2105 1273 2194 Supe-

145 2221 226 2288 riori
258 2243 320 2286 suo
351 2219 524 2308 Regulari.
559 2220 603 2285 Et
632 2219 667 2284 id
695 2219 738 2286 ad
768 2242 924 2286 normam
946 2220 1034 2307 juris
1065 2223 1270 2302 communis;

145 2358 266 2425 quare,
293 2335 358 2400 nisi
383 2336 417 2399 in
441 2334 555 2423 aliqua
580 2335 734 2421 regione,
760 2335 948 2424 prasertim
973 2336 1008 2400 in
1033 2336 1118 2402 locis
1141 2337 1274 2403 missio-

145 2473 245 2531 num,
268 2449 326 2538 jus
347 2449 485 2537 aliquod
503 2449 705 2537 particulare
728 2449 763 2514 in
789 2450 852 2515 hac
875 2473 911 2514 re
933 2451 1064 2538 vigeat,
1087 2451 1273 2540 Regulares

146 2564 250 2629 etiam
286 2562 440 2651 parochi,
472 2563 501 2627 si
531 2561 703 2652 Superiori
734 2563 914 2650 respectivi
943 2565 1080 2630 Ordinis
1108 2566 1272 2632 rationem

146 2685 307 2767 reddant,
329 2707 397 2750 non
417 2691 498 2782 sunt
516 2685 757 2772 inquietandi¹.
780 2713 795 2746 »

179 2886 358 2944 ¹Canouiste,
375 2891 395 2936 t.
412 2891 607 2947 xx,an.1897,
624 2901 649 2950 p.
667 2891 705 2934 95.
721 2913 751 2924 -
770 2886 858 2950 Hujus
873 2889 995 2951 responsi
1014 2889 1202 2939 desiderantur
1216 2891 1275 2940 dios

146 2969 175 3016 ct
190 2982 285 3016 annus.
