3224 5044
299 495 351 550 182
783 495 828 546 DE
846 494 946 547 MISSA

298 644 369 710 haec
393 643 536 708 intentio
561 641 737 708 moraliter
762 649 948 706 consutae
967 643 1157 729 adjunctis,
1178 641 1230 706 uti
1249 639 1431 728 respondit

299 757 334 824 S.
363 757 488 845 Congr.
517 756 637 837 Cono,
671 755 705 819 in
733 755 905 821 Colonien.
938 756 1019 842 (per
1041 757 1229 822 summaria
1248 755 1429 844 precum),

295 872 341 938 25
357 870 435 960 julii
457 869 558 953 1871,
576 869 619 934 ad
639 869 658 936 3
681 888 689 936 ε
717 895 732 931 «
757 869 930 958 Integram
949 871 1204 960 eleemosynam
1226 869 1432 934 solvendam

295 1007 389 1068 esse,
421 985 486 1049 nisi
515 984 638 1049 morali
663 985 864 1049 certitudine
893 993 1020 1050 constet
1045 1008 1215 1051 excessum
1238 985 1433 1048 communis

294 1099 515 1185 eleemosynae
545 1099 699 1164 oblatum
727 1099 834 1184 fuisse
861 1099 987 1165 intuitu
1012 1122 1165 1188 persona
1193 1100 1298 1185 ipsius
1325 1121 1432 1184 paro-

295 1214 355 1279 chi
369 1216 391 1280 ¹.
425 1242 441 1278 »
470 1213 514 1280 Et
542 1213 590 1279 ita
618 1213 721 1280 etiam
753 1215 979 1280 communiter
1004 1213 1173 1301 theologi,
1202 1237 1281 1278 cum
1311 1221 1432 1279 sancto

299 1328 480 1418 Alphonso
492 1330 514 1393 ².

344 1443 383 1508 C.
406 1442 444 1506 Si
462 1463 612 1506 eecessus
626 1442 785 1527 stipendii
799 1442 843 1506 sit
852 1441 915 1527 jus
925 1443 1134 1527 parochiale,
1153 1441 1221 1524 vel,
1236 1449 1275 1506 ut
1289 1441 1430 1524 dicitur,

290 1559 357 1644 jus
375 1556 480 1621 stolae.
502 1593 545 1604 -
565 1553 605 1618 In
622 1545 794 1642 aliquibus
814 1555 1021 1642 regionibus,
1043 1579 1077 1622 v.
1099 1580 1148 1644 g.,
1170 1555 1205 1620 in
1224 1555 1433 1621 dioecesibus

301 1669 514 1751 Coloniensi,
537 1669 746 1751 Trevirensi‚
769 1669 804 1733 in
829 1677 902 1735 tota
922 1670 1083 1750 Bavaria,
1105 1677 1186 1751 eto,
1204 1668 1263 1757 jus
1282 1669 1430 1750 curiale,

300 1807 361 1852 seu
372 1784 430 1873 jus
449 1785 553 1868 stole,
575 1784 610 1848 in
630 1783 814 1871 sepulturis
829 1791 887 1849 aut
901 1783 1137 1850 benedictione
1152 1783 1316 1872 nuptiali,
1333 1807 1433 1872 paro

298 1901 365 1966 cho
394 1923 462 1965 non
487 1899 631 1964 solvitur
655 1899 690 1963 in
714 1898 832 1985 globo,
860 1899 920 1964 sed
944 1900 1137 1965 annectitur
1162 1899 1267 1964 variis
1296 1899 1433 1964 actibus

298 2015 359 2104 qui
370 2015 588 2102 requiruntur
602 2013 637 2077 in
652 2013 704 2076 his
719 2011 962 2094 functionibuS,
980 2020 1013 2078 et
1025 2013 1214 2101 praesertim
1228 2015 1292 2099 ipsi
1307 2015 1430 2098 missae,

302 2128 398 2214 cujus
417 2135 595 2214 propterea
620 2127 734 2214 (lectae
764 2134 823 2192 aut
847 2126 1010 2216 cantatio)
1034 2135 1177 2215 augetur
1205 2127 1429 2217 stipendium.

298 2239 492 2318 Quaesitum
522 2248 574 2305 est
600 2247 713 2305 autem
744 2241 873 2328 pluries
900 2264 919 2306 a
945 2239 979 2307 S.
1009 2241 1135 2328 Congr.
1162 2241 1323 2323 Consilii,
1346 2266 1434 2308 num

304 2355 492 2436 Perochus,
515 2353 574 2442 qui
600 2354 688 2419 hanc
711 2355 851 2420 missam
869 2379 930 2443 pro
950 2355 1121 2444 exsequiis
1144 2364 1203 2422 aut
1221 2357 1352 2445 nuptiis
1371 2358 1433 2422 alii

299 2469 469 2534 sacerdoti
498 2467 683 2534 committit
715 2468 973 2552 celebrandam,
1004 2477 1161 2536 teneatur
1187 2470 1265 2536 huic
1296 2472 1433 2537 tradere

302 2591 413 2650 totum
428 2590 601 2671 receptum
622 2583 830 2672 stipendium
850 2583 951 2648 solito
971 2583 1093 2672 majus.
1117 2585 1221 2650 Porro
1242 2585 1276 2651 S.
1300 2586 1430 2673 Congr.

302 2706 355 2764 ter
365 2698 541 2788 respondit
554 2699 716 2784 nepetino,
729 2717 869 2786 nempe:
884 2701 914 2764 l.
927 2699 965 2763 ln
976 2699 1167 2784 Monacen,
1183 2700 1225 2765 25
1235 2699 1313 2787 julii
1330 2699 1431 2782 1871,

300 2814 444 2880 dicens:
468 2841 484 2874 «
500 2812 644 2878 Attento
664 2812 757 2900 quod
775 2814 1000 2900 eleemosynae
1023 2813 1221 2895 missarum,
1244 2814 1286 2879 de
1306 2814 1434 2902 quibus

302 2931 338 2994 in
358 2929 544 3018 precibus³,
561 2950 628 3013 pro
639 2935 740 3014 perte
756 2927 866 2993 locum
883 2935 1016 2992 teneant
1030 2920 1186 3013 conpruae
1200 2929 1431 3014 parochialis,

306 3045 437 3109 licitum
456 3066 522 3108 esse
537 3043 701 3127 parocho,
722 3042 751 3106 si
765 3063 831 3127 per
843 3063 877 3105 se
889 3043 1082 3127 satisfacere
1095 3065 1163 3106 non
1172 3043 1293 3128 possit,
1312 3044 1433 3108 missas

300 3159 404 3223 alteri
422 3157 587 3221 sacerdoti
605 3157 829 3239 committere,
851 3156 1017 3221 attribute
1032 3157 1240 3242 eleemosyna
1256 3158 1434 3222 ordinarie

305 3273 385 3356 loci,
408 3271 479 3334 sive
498 3293 560 3357 pro
580 3271 694 3336 missis
709 3269 822 3352 lectis,
841 3270 913 3336 sive
933 3270 1115 3351 cantatis⁴3
1135 3269 1434 3337 ›1—2.lnColo-

303 3385 409 3467 nien.,
441 3383 523 3446 item
551 3383 593 3449 25
614 3383 693 3470 julii
723 3383 825 3465 1871,
847 3383 988 3450 dicens:
1017 3383 1113 3448 «Ad
1137 3385 1169 3448 2.
1203 3384 1290 3450 Cum
1309 3393 1433 3472 agatur

305 3499 346 3564 de
354 3497 499 3586 juribus
513 3497 617 3582 stolio,
633 3498 718 3563 satis
737 3520 812 3564 esse
832 3497 860 3562 si
878 3497 1047 3584 parochus
1063 3497 1229 3565 retribuat
1243 3497 1432 3564 celebranti

301 3613 551 3700 eleemosynam
563 3612 772 3677 ordinariam
782 3617 812 3696 ⁵,·
822 3639 837 3673 »
848 3611 932 3677 -3,
943 3611 980 3677 ln
995 3613 1023 3675 T
1023 3613 1165 3677 reuiren.
1171 3663 1182 3697 ,
1196 3615 1233 3676 ll
1252 3613 1320 3677 moi
1330 3611 1431 3694 1888,

303 3729 339 3793 in
350 3751 429 3816 qua,
443 3732 580 3816 propter
592 3725 765 3791 simillima
780 3732 839 3792 aut
853 3726 967 3813 potius
981 3725 1128 3792 identica
1143 3725 1317 3813 adjuncta,
1334 3749 1434 3791 com·

337 3916 346 3950 ¹
364 3915 432 3965 Acta
446 3915 471 3964 S.
487 3913 574 3973 Sedis,
593 3916 612 3964 t.
628 3928 688 3974 vm,
704 3928 731 3976 p.
747 3916 785 3962 el.

282 3993 285 4000 '
337 3999 348 4032 ²
365 3996 423 4046 Lib.
438 3996 488 4056 vl,
505 4011 531 4043 n.
547 4001 602 4043 eni.

337 4079 348 4112 ³
365 4077 414 4127 11ae
430 4077 519 4125 missee
534 4077 623 4133 erant,
637 4077 694 4123 tum
707 4074 795 4122 missae
806 4073 1007 4132 fundationum,
1019 4073 1160 4136 dequibus
1174 4073 1255 4132 infra,
1268 4075 1326 4122 tum
1341 4075 1434 4122 missae

303 4173 355 4220 pro
370 4157 505 4221 exsequiis
519 4159 566 4204 out
580 4155 695 4219 nuptiis,
711 4155 745 4204 de
760 4153 859 4217 quibus
873 4155 963 4218 agitur
976 4169 1056 4202 nunc.

336 4237 348 4272 ⁴
364 4238 431 4286 Acte
443 4237 468 4286 S.
484 4235 573 4295 Sedis,
589 4239 610 4285 t.
626 4249 685 4294 vm,
702 4250 729 4298 p.
745 4239 834 4283 65-73.

337 4315 444 4373 llbid.,
462 4318 481 4364 t.
495 4329 554 4374 vui,
571 4330 597 4378 p.
615 4319 709 4364 75-81.
