3224 5044
291 489 335 542 DE
354 487 546 550 QUIBUSDAM
565 489 651 542 ALIIS
670 489 798 542 TITULIS
816 489 1014 544 arationum
1034 453 1160 544 nilssnu
1238 489 1290 546 173

160 633 269 717 nomi,
299 632 357 721 qui
375 654 497 720 nempe
521 617 761 700 administrarit
780 635 973 722 parochiam
997 642 1186 701 vacantem.
1210 635 1287 700 Non

159 751 320 812 tenentur
338 751 453 810 autem
468 745 701 830 parochorum
724 748 916 833 adjutores,
938 747 995 837 qui
1015 748 1050 812 in
1069 747 1180 814 Gallia
1201 749 1288 812 vica-

160 861 221 944 rii,
256 859 337 925 alibi
364 859 530 946 capellani
555 867 736 940 vocantur3
760 883 821 927 nec
851 861 1016 948 capellani
1047 863 1284 948 callepiorum,

160 974 393 1060 hospitalium,
413 973 578 1074 militum,
598 975 750 1058 navium,
768 977 1067 1060 communitatum,
1085 984 1150 1042 ele.
1169 976 1288 1056 Quoad

160 1089 405 1170 missionarios,
428 1093 589 1153 tenentur
612 1087 655 1152 ad
674 1089 814 1154 missam
833 1111 900 1174 pro
919 1091 1048 1175 populo
1073 1089 1106 1154 in
1131 1090 1214 1156 Iocis
1229 1089 1288 1154 ubi

154 1202 327 1289 parochia
342 1209 422 1267 sunt
441 1201 596 1266 canonice
615 1210 752 1284 erecta,
775 1224 842 1266 non
862 1225 942 1267 vero
962 1202 996 1267 in
1021 1203 1105 1268 loeis
1124 1201 1182 1268 ubi
1202 1226 1289 1268 nun-

159 1316 245 1381 dum
262 1323 343 1381 sunt
362 1315 518 1380 canonice
537 1323 652 1380 erecta
667 1316 850 1400 parochia.

206 1599 275 1670 91.
309 1638 353 1648 -
381 1597 504 1668 Varia
534 1598 724 1687 adiuncta
753 1598 1011 1688 obligationis
1043 1601 1177 1672 missae
1214 1620 1288 1689 pro

160 1711 323 1806 populo.
1079 1709 1083 1714 ’

206 1827 239 1891 I⁰
258 1827 432 1917 Episcopi,
454 1826 578 1915 aliique
597 1825 638 1892 de
658 1825 781 1916 quibus
801 1851 902 1918 supra
929 1827 1058 1894 dictum
1079 1833 1146 1910 est,
1169 1835 1289 1894 tenen-

160 1947 216 2008 tur
234 1941 435 2008 admissam
450 1963 517 2028 pro
532 1941 661 2026 populo
681 1964 700 2006 a
723 1941 775 2006 die
795 1949 898 2028 captae
913 1941 1131 2028 possessionis
1137 1959 1152 2023 ,·
1171 1945 1288 2006 tenen-

160 2061 216 2121 tur
241 2055 285 2122 ad
308 2055 371 2120 hoc
392 2055 549 2120 omnihus
575 2055 694 2120 diebus
717 2055 912 2138 dominicis,
938 2055 1081 2141 aliisque
1099 2055 1230 2140 festivis
1248 2055 1289 2118 dc

154 2177 340 2256 praecepto,
362 2169 464 2233 etiam
482 2168 690 2254 suppressis,·
714 2169 850 2257 insuper
874 2169 936 2232 hoo
961 2169 1111 2256 ipsorum
1131 2191 1217 2232 onus
1236 2175 1288 2232 est

86 2317 91 2326 ·
161 2281 265 2364 reale,
296 2281 490 2366 personale,
524 2303 582 2345 nec
609 2281 745 2366 differri
771 2289 883 2368 potest
913 2283 958 2346 ad
987 2281 1091 2346 aliam
1118 2280 1219 2347 diem.
1244 2320 1289 2330 -

160 2393 265 2459 Porro
297 2394 338 2459 de
362 2393 415 2459 his
439 2392 596 2460 omnibus
621 2395 709 2458 idem
737 2397 873 2461 omnino
904 2395 1085 2461 dicendum
1106 2401 1158 2460 est
1181 2417 1219 2460 ac
1246 2397 1287 2460 de

159 2508 322 2596 parocho,
340 2509 386 2573 ita
400 2515 438 2573 ut
453 2508 523 2572 haec
543 2507 656 2574 omnia
675 2531 750 2596 quse
769 2509 837 2575 late
857 2508 1014 2575 evolvam
1029 2509 1064 2574 in
1079 2507 1187 2574 dictis'
1199 2509 1289 2573 Prae-

162 2620 360 2686 lectionihus
378 2622 418 2685 de
438 2621 600 2686 Parochis
611 2672 621 2704 ,
648 2621 811 2709 applicari
835 2621 967 2710 possint
992 2627 1025 2685 et
1045 2620 1190 2688 debeant
1210 2621 1289 2708 Epi-

161 2735 273 2823 scopis
292 2735 447 2822 aliisque.

137 2933 143 2942 ‘
205 2849 240 2913 2⁰
266 2848 437 2936 Obligatio
465 2849 710 2937 Episcoporum
736 2846 964 2938 abbatumque
989 2847 1181 2935 applicandi
1210 2848 1290 2911 niis-

162 2986 233 3028 sam
258 2985 325 3050 pro
358 2962 503 3050 populo,
535 2961 629 3028 nullo
663 2961 763 3026 modo
794 2967 848 3027 est
882 2961 1011 3042 localis,
1046 2959 1092 3026 ita
1122 2967 1160 3025 ut
1189 2961 1288 3025 hodie

161 3097 229 3140 non
258 3083 454 3156 teneantur,
481 3075 600 3141 diebus
634 3074 812 3140 dominicis
846 3079 921 3139 aut·
938 3074 1086 3156 festivis,
1119 3073 1287 3140 celebrare

162 3189 264 3255 etiam
292 3212 352 3279 per
382 3189 487 3254 alium
517 3189 551 3253 in
582 3188 724 3254 ecclesia
755 3187 941 3254 cathedrali
964 3195 1022 3254 aut
1048 3185 1224 3262 abbatiali,
1250 3195 1289 3255 ut

163 3327 264 3392 supra
283 3303 474 3369 audivimus
495 3325 537 3369 ex
557 3302 669 3369 Leone
690 3301 770 3367 XIII
788 3303 839 3392 (n.
862 3301 947 3388 88).

207 3589 276 3658 92.
291 3626 337 3638 -
355 3589 414 3656 Da
428 3589 554 3657 missa
572 3607 646 3676 pro
661 3587 809 3676 populo
828 3589 872 3655 in
893 3586 1070 3656 Ecclesisi
1088 3586 1289 3655 orientali.

208 3704 241 3766 I⁰
270 3701 394 3768 Totum
426 3702 485 3791 jus
522 3701 682 3767 Ecclesiae
713 3701 887 3766 orientalis
918 3700 1030 3788 quoad
1058 3699 1197 3764 missam
1222 3721 1290 3785 pro

159 3815 309 3902 populo,
344 3815 484 3881 relative
504 3815 547 3882 ad
565 3815 750 3903 Episcopos
770 3821 805 3880 et
823 3813 1004 3901 parochos,
1028 3812 1221 3878 continetur
1253 3811 1287 3876 in

62 4013 72 4032 .
165 3931 376 4016 responsione
395 3927 429 3995 S.
453 3927 578 4016 Congr.
601 3927 642 3994 de
663 3927 764 4017 Prop.
789 3927 888 4008 Fide,
911 3926 964 3992 die
988 3925 1030 3992 23
1050 3925 1163 3990 martii
1183 3924 1286 4006 ⁴863,

163 4065 238 4131 quae
258 4043 334 4109 ideo
354 4042 389 4108 in
409 4049 550 4108 extenso
570 4041 744 4108 reserenda
759 4048 836 4108 est:

208 4183 225 4218 u
254 4159 285 4222 I.
301 4157 366 4222 'An
391 4156 553 4246 obligatio
578 4155 770 4246 applicandi
796 4155 935 4220 missam
961 4177 1021 4244 pro
1046 4152 1190 4242 populo,
1213 4174 1288 4241 queo

162 4269 351 4336 secundum
368 4271 427 4360 jus
459 4269 618 4337 Ecclesiae
647 4267 865 4335 occidentalis
896 4267 1082 4358 imponitur
1111 4265 1291 4358 Episcopis
