3224 5044
273 463 323 518 ¹20
494 475 496 480 '
558 473 561 482 “
752 461 796 512 DE
816 459 915 512 mssa

271 607 440 690 beneficii,
469 607 558 672 inter
583 629 658 696 quae
684 605 852 693 reperitur
880 603 982 669 etiam
1012 625 1098 668 onus
1122 601 1402 691 applicandamm

271 723 452 788 missarum
471 745 532 810 pro
552 719 690 808 populo,
708 743 769 807 pro
788 717 1017 800 benefactore,
1040 724 1104 784 etc.
1126 716 1224 784 Unde
1250 716 1279 780 si
1303 739 1403 804 paro-

272 835 371 916 chus,
393 834 589 899 infirmitate
609 839 668 898 aut
688 833 754 899 alia
774 855 877 898 causa
896 831 1096 920 impeditus,
1120 853 1187 896 non
1208 830 1318 918 possit
1337 829 1403 896 hac

271 949 325 1014 die
345 949 513 1014 dominica
533 947 703 1036 applicare
725 970 792 1033 pro
813 940 960 1040 populo,
986 969 1055 1012 non
1081 946 1223 1034 poterit,
1246 943 1404 1032 sequenti

271 1064 326 1130 die
354 1062 539 1143 dominica,
566 1085 626 1150 per
653 1061 839 1126 secundam
867 1060 1024 1144 missam,
1051 1059 1247 1126 satisfacere
1273 1057 1405 1144 obliga·

271 1177 357 1244 tioni
376 1177 522 1243 omissae.
541 1176 585 1242 Et
605 1177 667 1241 hoc
687 1175 770 1241 satis
789 1181 900 1263 patet;
922 1175 1021 1240 aliter
1044 1175 1134 1240 enim
1157 1173 1325 1260 reciperet
1343 1171 1405 1235 sti-

272 1291 435 1380 pendium
459 1313 519 1378 pro
549 1289 697 1355 secunda
730 1289 845 1355 missa.
873 1289 917 1354 Et
948 1288 983 1353 in
1012 1287 1076 1357 hoc
1100 1310 1203 1353 sensu
1227 1285 1405 1374 respondit
1492 1315 1500 1328 ·

275 1405 309 1472 S.
334 1405 459 1492 Congr.
483 1405 604 1484 Cone,
626 1403 665 1467 21
684 1403 798 1467 martii
819 1401 940 1470 18871.
985 1407 986 1412 ’

319 1520 352 1584 2⁰
372 1518 492 1582 Potest
506 1525 632 1596 autem,
650 1540 710 1604 per
729 1517 914 1582 secundam
933 1516 1086 1598 missam,
1104 1514 1299 1579 satisfacere
1317 1513 1405 1578 obli-

274 1631 403 1720 gationi
429 1653 472 1696 ex
498 1630 677 1712 charitate,
707 1653 750 1696 ex
775 1629 955 1712 fidelitate,
982 1651 1024 1695 ex
1048 1633 1144 1711 vota,
1168 1651 1209 1692 ex
1235 1635 1406 1716 praecepto

275 1745 474 1833 superioris,
500 1753 564 1812 etc.
588 1744 687 1810 Ratio
713 1750 765 1808 est
791 1743 870 1831 quia
894 1743 942 1807 sic
970 1742 1104 1808 nullum
1130 1742 1251 1830 recipit
1275 1743 1406 1830 stipen-

276 1860 370 1927 dium
389 1883 450 1948 pro
470 1858 618 1924 secunda
638 1858 754 1923 missa.

321 1975 354 2040 3⁰
385 1973 503 2038 Potest
538 1973 657 2052 etiam,
695 1957 754 2058 pei
790 1969 974 2036 secundam
1016 1970 1171 2050 missam,
1210 1969 1406 2036 satisfacere

277 2086 476 2174 obligationi
496 2109 538 2150 ex
556 2085 653 2173 quasi
673 2090 848 2150 contractu
867 2092 926 2149 aut
942 2083 1093 2172 justitia,
1111 2085 1212 2150 modo
1231 2107 1301 2150 non
1321 2085 1407 2150 reci-

276 2199 346 2288 piat
376 2199 599 2282 stipendium,
626 2221 689 2264 nec
719 2199 818 2285 quasi
848 2199 1066 2284 stipendium.
1089 2198 1145 2264 Sic
1164 2199 1280 2264 multae
1309 2221 1407 2286 repe-

277 2311 410 2376 riuntur
435 2310 649 2374 sacerdotum
675 2311 933 2393 associationeS,
962 2311 997 2376 in
1023 2311 1147 2400 quibus
1173 2312 1230 2377 lex
1259 2319 1327 2394 est,
1349 2320 1404 2388 ut,

277 2447 344 2488 uno
361 2422 536 2505 defuneto,
559 2447 676 2490 omnes
691 2449 751 2515 pro
770 2425 845 2513 ipso
860 2426 1031 2514 applicent
1047 2425 1186 2491 missam
1205 2445 1212 2491 :
1234 2450 1309 2514 quae
1328 2449 1409 2513 pro—

279 2536 367 2606 lecto
397 2536 559 2625 obligatio
591 2547 643 2603 est
676 2562 718 2603 ex
746 2539 897 2626 justitia,
929 2563 1034 2627 quum
1063 2547 1136 2604 orta
1165 2539 1210 2604 sit
1243 2563 1284 2605 ex
1311 2540 1408 2627 quasi

279 2658 467 2718 contractu.
490 2652 648 2718 -Ratio
668 2659 720 2718 est
739 2653 818 2741 quia
837 2676 1001 2742 responsa
1026 2651 1059 2718 S.
1088 2653 1213 2742 Congr.
1232 2651 1351 2736 Cone,
1374 2660 1409 2718 et

279 2765 358 2832 inde
389 2773 462 2832 orta
493 2768 719 2849 consuetude,
754 2767 871 2834 stricte
903 2775 982 2832 sunt
1013 2768 1251 2855 intelligenda,
1283 2769 1410 2857 quippe

281 2903 355 2969 quae
375 2880 570 2946 induxerint
589 2903 714 2945 novam
734 2888 767 2946 et
782 2904 921 2969 gravem
940 2880 1199 2968 obligationem
1218 2906 1318 2971 porro
1338 2882 1410 2948 haec

181 3025 185 3034 ·
281 3018 442 3082 responsa
471 2993 658 3060 excludunt
685 3002 819 3060 tantum
851 2997 1073 3082 receptionem
1103 2997 1318 3082 eleemosyna
1348 3021 1410 3086 pro

283 3109 430 3182 secunda
454 3108 587 3175 missa:
615 3137 631 3170 α
666 3110 783 3174 Firma
805 3111 1038 3194 prohibitione
1067 3111 1247 3196 recipiendi
1271 3111 1409 3176 eleemo-

282 3243 403 3306 synam
427 3243 494 3306 pro
525 3223 670 3286 secunda
702 3224 813 3288 nriaaa.
839 3251 855 3283 n
888 3223 977 3311 Ergo
1002 3247 1069 3288 non
1095 3233 1175 3288 sunt
1196 3225 1411 3290 extendenda

283 3331 373 3396 ultra
393 3355 508 3397 casum
528 3357 596 3421 quo
623 3337 782 3424 recipitur
807 3337 1030 3426 stipendium,
1057 3345 1131 3420 aut,
1153 3339 1196 3403 ad
1220 3361 1408 3422 summum,

285 3445 382 3534 quasi
401 3446 608 3537 stipendium
628 3450 661 3514 in
685 3473 787 3516 sensu
814 3475 914 3539 supra
935 3451 1118 3517 declarato.
1145 3453 1282 3517 —Nec
1310 3453 1411 3518 relert

284 3561 377 3650 quod
396 3563 552 3630 sacerdos
571 3563 649 3631 inde
669 3564 830 3647 lucretur,
847 3566 1022 3650 indirecte,
1045 3565 1183 3654 aliquod
1203 3567 1412 3632 emolumen-

285 3683 376 3758 tum3
399 3677 428 3742 si
461 3679 568 3760 enim,
602 3679 636 3743 in
667 3703 746 3744 casu
780 3679 875 3760 data,
908 3703 978 3746 non
1012 3679 1198 3768 applicaret
1227 3681 1411 3747 secundam

285 3790 425 3855 missam
443 3815 504 3880 pro
524 3792 616 3857 socio
636 3793 811 3875 defuncta,
834 3793 936 3858 aliam
956 3794 1097 3860 missam
1116 3795 1224 3880 gratis
1242 3795 1411 3883 applicare

285 3910 458 3970 teneretur
481 3912 515 3970 et
539 3906 587 3972 sic
616 3929 685 3971 uno
719 3906 886 3995 stipendio
912 3907 1114 3995 privaretur.
1142 3909 1231 3990 Hoc,
1258 3909 1409 3998 iuquam,

286 4041 354 4084 non
374 4019 504 4101 obstat,
526 4027 600 4085 tum
619 4021 698 4109 quia
721 4021 807 4086 illud
826 4020 1024 4109 adjunctum
1050 4045 1086 4088 se
1112 4021 1215 4088 habet
1236 4045 1302 4108 per
1325 4023 1412 4088 acci-

320 4267 328 4298 ¹
347 4266 515 4316 collectanea
533 4267 560 4316 S.
575 4267 672 4329 Congr.
688 4269 720 4316 de
736 4267 816 4330 Prop.
833 4266 911 4328 Fide,
927 4283 953 4318 n.
969 4273 1028 4329 215,
1045 4283 1071 4332 p.
1085 4272 1124 4317 80.
