3246 5026
546 541 588 590 DE
607 541 739 592 lElUNlO
760 541 1000 592 Etcunulstlco
1283 537 1334 592 345

207 685 409 752 sacramenti
429 685 634 750 contrarium
655 685 817 773 postulat.
840 685 891 752 lta
911 709 1028 751 omnes
1042 691 1062 752 ¹.
1086 685 1157 750 lmo
1177 685 1247 749 herc
1267 708 1334 750 non

207 808 277 866 tam
309 800 450 865 dicenda
479 807 531 865 est
562 801 715 889 exceptio
746 823 765 864 a
793 800 884 888 lege,
918 823 1020 888 quam
1050 800 1234 865 necessitas
1260 822 1335 887 quae

208 915 317 1000 legem
337 913 545 996 nonhabet,
567 915 665 1002 juxta
689 913 844 1002 regulam
865 913 911 979 lV
930 914 1037 994 Juris,
1060 913 1094 978 in
1115 915 1170 980 V:
1194 941 1209 974 n
1233 914 1334 994 Quod

153 1014 156 1020 ¹
207 1053 274 1094 non
295 1037 347 1095 est
365 1029 495 1094 licitum
516 1030 549 1092 in
569 1029 661 1116 lege,
683 1030 868 1094 necessitas
887 1027 966 1094 lacit
985 1029 1127 1094 licitum.
1154 1055 1169 1090 r>
1230 1060 1235 1068 ·

253 1254 347 1324 182.
365 1293 406 1306 -
425 1256 680 1343 Dispensatio
699 1275 722 1323 s
741 1255 828 1342 lege
843 1253 989 1342 jejunii
1008 1254 1275 1338 eucharistici.
1290 1293 1334 1304 —

207 1368 320 1446 Quum
339 1370 395 1433 lex
414 1371 456 1434 de
471 1369 602 1456 jejunio
618 1375 696 1435 ante
711 1369 983 1434 communionem
998 1368 1054 1434 vel
1073 1367 1334 1434 celebrationem

207 1483 373 1548 servando
398 1483 443 1548 sit
464 1484 552 1572 juris
578 1506 669 1549 mere
696 1483 932 1564 ecclesiastici,
962 1490 1001 1548 ut
1026 1489 1121 1571 patet
1147 1505 1188 1548 ex
1215 1483 1339 1564 dictis,

206 1598 359 1685 sequitur
383 1597 417 1660 in
444 1597 506 1662 hac
532 1598 606 1683 lege
633 1620 732 1686 posse
759 1597 963 1685 dispensari,
991 1597 1112 1662 saltem
1136 1619 1155 1662 a
1179 1599 1334 1663 Romano

208 1712 387 1792 ronrisee;
411 1707 478 1777 auo
498 1689 632 1777 tentum
652 1711 831 1776 addenda:

252 1829 286 1890 l⁰
306 1825 464 1915 Episcopi
483 1831 657 1914 nequeunt
676 1825 710 1888 in
731 1825 792 1890 hac
812 1826 886 1912 lege
905 1826 1113 1913 dispensare.
1131 1826 1333 1906 -Quando
1398 1911 1404 1920 ι

206 1941 297 2004 enim
313 1941 424 2027 egitur
443 1942 485 2006 de
500 1939 574 2026 lege
590 1935 739 2028 gener'ali
755 1939 926 2021 Ecclesiae,
938 1939 1096 2027 Episcopi
1106 1940 1183 2028 jure
1197 1940 1333 2028 proprio

206 2055 401 2143 dispensare
421 2061 613 2143 nequeunt,
636 2056 695 2119 sed
714 2061 847 2126 tantum
869 2055 982 2144 (extra
1001 2077 1117 2119 casum
1137 2053 1277 2140 indulti)
1299 2054 1334 2118 vi

207 2169 317 2235 tacite
332 2169 388 2236 vel
408 2169 559 2257 legitime
579 2176 793 2257 praesumptu
814 2169 1042 2234 concessionis
1061 2163 1257 2256 pontificiae,
1275 2175 1334 2234 aut

206 2283 308 2349 etiam
335 2283 370 2346 vi
400 2283 655 2348 consuetudinis
682 2282 767 2348 bene
792 2283 961 2370 probatam
996 2283 1061 2364 sio,
1091 2284 1124 2348 vi
1150 2283 1251 2348 unius
1275 2291 1334 2348 aut

206 2397 346 2462 alterius
371 2419 413 2462 cx
438 2397 491 2462 his
517 2397 642 2478 titulis,
671 2398 828 2486 Episcopi
855 2399 1052 2485 dispensent
1080 2399 1114 2461 in
1141 2397 1271 2486 jejunio
1300 2405 1334 2462 et

192 2509 429 2592 abstinentia,
461 2511 495 2575 in
533 2511 615 2576 hora
652 2511 844 2576 celebrandi
877 2511 1034 2592 missam,
1070 2512 1103 2575 in
1138 2511 1333 2576 recitatione

206 2624 380 2707 horarum,
399 2631 432 2690 et
451 2625 577 2720 etiem,
589 2625 622 2690 in
643 2647 782 2711 genere,
801 2625 834 2688 in
851 2624 904 2688 his
919 2647 994 2712 quae
1010 2625 1203 2713 frequenter
1218 2649 1333 2690 occur-

206 2745 301 2818 runt,
323 2761 386 2803 nec
409 2739 456 2804 ite
480 2739 596 2826 gravia
621 2746 711 2806 sunt.
740 2739 860 2819 Porro,
884 2739 917 2802 in
941 2739 1016 2824 lege
1036 2739 1157 2826 jejunii
1180 2739 1333 2804 euchari·

206 2852 298 2936 stici,
316 2852 400 2916 nihil
419 2852 614 2940 hujusmodi
634 2853 794 2932 occurrit,
817 2853 929 2938 agitur
944 2852 1034 2916 enim
1053 2853 1095 2916 de
1115 2852 1189 2938 lege
1204 2853 1333 2939 gravis-

206 2967 308 3048 sima,
335 2966 376 3031 ad
400 2967 623 3032 reverentiam
648 2966 852 3032 venerabilis
877 2967 1078 3032 sacramenti
1102 2966 1272 3045 ordinata,
1299 2975 1331 3032 et

205 3103 281 3168 quae
305 3081 456 3146 moribus
480 3079 673 3147 christianis
693 3081 776 3146 adeo
798 3081 962 3169 prolunde
987 3087 1040 3148 est
1058 3079 1175 3162 insita,
1197 3088 1236 3146 ut
1260 3081 1333 3170 ejus

206 3193 458 3261 inobservantia
482 3196 668 3261 maximum
692 3195 890 3261 scandalum
913 3203 1065 3283 pareret;
1087 3195 1177 3260 unde
1201 3195 1249 3261 nil
1269 3196 1332 3259 mi-

206 3331 280 3372 rum
305 3309 334 3374 si
359 3309 423 3374 soli
446 3311 545 3374 Rom.
569 3309 726 3375 Pontifici
750 3310 957 3397 dispensatio
983 3311 1016 3374 in
1041 3310 1105 3376 hac
1128 3309 1204 3398 lege
1223 3333 1332 3376 reser—

206 3429 284 3487 vata
303 3423 359 3488 sit.
383 3423 426 3488 Et
445 3424 492 3488 ita
511 3445 629 3490 omnes
650 3424 805 3490 doctores
819 3427 841 3490 ².

249 3537 285 3600 2⁰
304 3537 374 3602 Neo
394 3538 465 3625 ipse
485 3537 584 3602 Rom.
610 3537 766 3604 Pontifex
785 3539 819 3602 in
836 3539 897 3604 hac
917 3537 993 3624 lege
1014 3539 1210 3625 dispensare
1230 3537 1328 3604 solet.

206 3687 248 3698 —
264 3649 362 3728 Quod
377 3659 534 3734 testatur,
555 3651 590 3717 in
610 3652 753 3740 epistola
772 3651 911 3717 inferius
931 3651 1015 3740 (not.
1040 3651 1072 3739 l)
1094 3651 1165 3732 cit,
1189 3650 1331 3716 Benedi-

206 3771 280 3830 ctus
300 3764 395 3846 XlV;
414 3773 579 3832 memorat
593 3773 706 3832 autem
726 3767 880 3854 quaedam
895 3765 1090 3855 hujusmodi
1109 3765 1331 3852 dispensatio-

236 3951 244 3982 ¹
262 3951 294 3997 V.
308 3967 344 4014 g„
358 3951 467 4010 Quarti,
482 3951 531 4001 loc.
546 3951 602 4007 cit,
620 3955 688 4015 part.
704 3951 755 4010 lll,
773 3953 814 4000 tit.
832 3967 870 4010 rx,
887 3954 953 4001 sect.
970 3967 987 4010 r,
1003 3951 1068 3999 dub.
1083 3967 1123 4009 vr,
1138 3951 1225 4014 primu
1240 3965 1329 4010 causa,

206 4046 231 4092 p.
248 4034 307 4090 stt,
320 4057 350 4068 —
366 4032 399 4080 de
415 4032 502 4094 Lugo,
520 4033 569 4082 lor.
586 4031 642 4092 cit,
659 4047 685 4080 n.
701 4037 740 4090 87,
757 4047 782 4095 p.
800 4037 859 4092 297;
872 4057 902 4068 -
918 4031 944 4080 S.
961 4031 1054 4095 Alph,
1071 4045 1096 4079 n.
1111 4037 1165 4088 287,
1181 4037 1232 4080 etc.

236 4110 247 4144 ²
261 4109 294 4158 V.
311 4127 347 4172 g„
363 4111 474 4170 Sueuos,
489 4112 538 4161 loc.
560 4111 615 4170 cit,
631 4117 696 4162 sect.
714 4127 738 4172 r,
752 4128 777 4161 n.
790 4117 813 4170 5,
828 4127 854 4174 p.
869 4117 928 4170 5163
941 4113 1015 4161 -dc
1027 4111 1173 4175 Lugo‚loc.
1186 4111 1243 4170 cit,
1255 4116 1329 4172 mbo,

205 4204 231 4252 p.
244 4195 302 4248 29³3
316 4219 342 4226 -
353 4191 457 4250 Quarti,
470 4191 518 4241 lor.
529 4191 584 4250 cit,
597 4191 661 4240 dub.
672 4209 707 4251 rr,
721 4197 816 4254 quarta
830 4207 919 4250 causa,
932 4208 957 4256 p.
969 4197 1029 4251 ³773
1040 4219 1069 4229 -
1080 4192 1244 4240 Benedictus
1257 4191 1329 4250 xlv,

205 4269 284 4331 epist.
309 4269 429 4328 erndam
450 4272 483 4321 de
503 4287 589 4330 more,
612 4275 639 4321 24
661 4273 749 4321 martii
776 4277 847 4330 1756,
867 4271 902 4320 ad
921 4275 1090 4322 Assessorem
1110 4271 1135 4320 S.
1157 4271 1257 4335 Officii,
1274 4275 1286 4330 ,t
1301 4275 1328 4332 ⁴3

207 4341 278 4398 Brill.
296 4350 404 4403 Beued..
422 4356 440 4401 l.
458 4367 493 4408 iv,
510 4367 536 4401 n.
553 4369 603 4402 mr.
