3174 5046
282 401 316 454 46
763 399 807 449 DE
826 398 925 450 tnssn

281 553 319 610 ut
343 543 525 632 aliquando
549 543 624 623 uni,
647 541 830 630 aliquando
860 541 958 607 elteri
983 541 1169 622 adhaereat,
1195 569 1211 602 n
1232 541 1417 630 respondit

282 662 317 727 S.
333 661 404 726 Rit.
423 659 576 744 Congu:
610 685 625 718 α
648 658 704 722 Ad
728 657 759 724 9.
782 657 952 722 Stendum
971 657 1121 742 publicis
1146 657 1370 741 Ιιονοίοφὶὶςῑ.
1399 685 1415 716 »ι

282 773 379 840 Unde
403 779 601 859 sequeretur
625 772 727 836 etiam
751 794 813 836 nos
839 771 944 834 teneri
968 769 1011 834 ad
1035 769 1249 858 sequendum
1273 777 1416 858 tempus

284 886 443 951 medium.
465 923 509 932 -
528 884 692 950 Attamen
712 884 748 950 S.
772 883 1044 964 Pcenitentiarie,
1067 883 1121 948 die
1141 884 1183 951 29
1203 907 1285 953 nov.
1311 884 1413 966 1882,

283 999 326 1066 od
360 1000 422 1064 hoc
449 999 630 1086 quaesitum
657 1017 664 1064 τ
698 1025 713 1058 «
747 997 887 1078 Utrum,
915 996 974 1062 ubi
1000 997 1177 1085 horologia
1205 997 1417 1064 adhibentur

282 1113 427 1203 tempori
451 1112 562 1178 medio
587 1111 857 1194 accommodata,
880 1111 964 1198 ipsis
984 1112 1029 1176 sit
1048 1111 1227 1194 standum,
1249 1121 1327 1177 tum
1351 1135 1416 1199 pro

282 1251 383 1293 onere
418 1227 526 1292 divini
559 1225 659 1290 officii
691 1223 871 1306 solvendo,
905 1231 979 1289 tum
1011 1247 1072 1312 pro
1095 1223 1227 1313 jejunio
1262 1225 1416 1291 naturali

282 1341 468 1421 servand03
490 1340 546 1405 vel
565 1337 686 1404 debeat
705 1339 797 1426 qum,
821 1345 880 1403 aut
900 1338 1021 1404 saltem
1041 1339 1165 1425 possit,
1187 1339 1238 1403 uri
1257 1345 1416 1426 tempore

282 1435 378 1534 vero,
402 1482 418 1514 u
440 1453 615 1540 respondit
636 1473 643 1519 :
668 1479 683 1511 (ι
707 1452 855 1534 Fideles,
873 1451 908 1516 in
919 1451 1051 1539 jejunio
1066 1451 1212 1517 naturali
1228 1453 1414 1534 servando,

283 1573 316 1632 et
335 1568 370 1631 in
391 1566 500 1630 officio
518 1565 634 1630 divino
648 1565 838 1648 recitando,
864 1566 959 1653 sequi
973 1573 1109 1653 tempus
1127 1565 1277 1631 medium
1294 1589 1413 1652 poree,

282 1681 342 1746 sed
363 1703 430 1744 non
450 1680 554 1744 teneri
564 1679 586 1744 ¹.
608 1706 623 1738 n
644 1679 741 1744 Unde
758 1679 792 1744 S.
815 1679 1070 1744 Poenitentiarie
1085 1679 1262 1767 preefatem
1279 1679 1313 1745 S.
1338 1680 1412 1744 Rit.

283 1795 408 1883 Congr.
427 1793 633 1860 decisionem
653 1791 772 1858 habuit
785 1793 836 1858 uti
859 1793 1050 1858 restrictam
1074 1793 1117 1858 ed
1136 1793 1311 1858 dioecesim
1333 1793 1415 1859 Clo-

282 1910 446 1975 diensem.
477 1909 603 1972 Verum
630 1908 665 1971 in
685 1907 871 1972 novissimo
899 1929 960 1972 sua
987 1907 1210 1972 Decretorum
1241 1907 1411 1989 editione,

283 2023 316 2088 S.
333 2023 404 2088 Rit.
427 2023 553 2108 Congr.
576 2023 624 2085 sic
642 2021 787 2086 mutavit
800 2021 995 2109 pradictum
1011 2022 1268 2108 responsionem
1280 2021 1318 2085 in
1334 2021 1414 2086 Cte-

282 2137 371 2201 dien.
390 2157 402 2200 .·
430 2162 444 2194 o
468 2135 522 2198 Ad
550 2135 581 2200 9.
608 2135 707 2199 Posce
735 2143 825 2200 utere
848 2133 994 2222 publicis
1018 2135 1203 2222 horologiis
1216 2137 1238 2202 ³.
1268 2163 1284 2196 n
1312 2135 1412 2200 L'nde

284 2248 420 2314 tandem
449 2248 491 2312 ad
517 2245 652 2311 libitum
683 2248 780 2336 sequi
806 2271 988 2336 possumus
1008 2255 1143 2336 tempus
1173 2250 1322 2313 medium
1351 2257 1413 2312 aut

176 2387 180 2397 ·
283 2383 399 2425 oerum
412 2363 433 2425 ⁴.

327 2475 363 2538 2⁰
387 2476 419 2538 A
444 2474 599 2563 pluribus
625 2476 739 2558 annis,
762 2476 797 2539 in
817 2477 992 2540 nonnullis
1011 2476 1220 2565 regionibuS,
1236 2477 1273 2541 ri
1293 2477 1411 2564 legum

282 2589 449 2670 civilium,
476 2589 559 2654 hora
584 2589 700 2674 teqatis
731 2591 926 2678 praescripta
951 2598 1003 2656 est
1021 2614 1081 2679 pro
1102 2591 1262 2656 universo
1282 2611 1406 2677 regn03

283 2706 383 2770 sicin
404 2704 525 2784 Gallia,
548 2705 582 2768 vi
602 2704 688 2791 legis
709 2706 749 2769 15
770 2705 883 2782 martii
905 2703 1002 2786 1891,
1019 2705 1101 2770 hora
1122 2706 1239 2790 thotis
1259 2713 1312 2770 est
1326 2705 1408 2770 hore

281 2825 476 2908 computata
489 2820 595 2905 juxto
617 2819 842 2882 meridianum
862 2819 1048 2882 Perieicnce
1069 2819 1217 2906 (l’lreuro
1236 2821 1282 2884 du
1305 2821 1410 2884 meri-

282 2936 358 2998 dien
367 2936 406 2998 do
415 2934 524 3016 Porio,
539 2941 645 3017 tempe
657 2937 805 3018 moyen).
820 2932 1023 2996 Hrccautem
1034 2931 1116 2998 hora
1129 2933 1258 3018 thetis,
1276 2941 1409 2999 attenta

281 3047 442 3112 distentia
471 3047 737 3110 meridianorum
767 3046 923 3110 localium
955 3069 974 3110 n
1001 3048 1186 3112 meridiano
1212 3048 1406 3132 requirente,

281 3159 358 3247 plus
378 3159 534 3222 minusve
559 3157 690 3223 differre
710 3166 824 3247 potest
843 3159 884 3224 ab
905 3160 985 3224 horo
1009 3159 1125 3244 locali,·
1144 3161 1178 3224 in
1199 3160 1323 3240 Gallia,
1346 3184 1408 3248 pro

281 3271 365 3336 loeis
383 3271 538 3352 remotiS,
565 3295 633 3336 non
661 3273 772 3338 differt
796 3273 861 3337 nisi
885 3296 953 3337 uno
978 3274 1111 3339 circiter
1135 3275 1342 3362 quadrante,
1364 3273 1408 3339 od

282 3407 469 3466 summum,
497 3408 558 3473 pro
584 3385 668 3450 locis
694 3387 865 3468 extremis,
890 3387 971 3452 horn
999 3387 1067 3453 fere
1094 3387 1251 3469 dimidin;
1283 3389 1343 3452 sed
1371 3389 1406 3452 in

281 3499 355 3565 aliis
374 3499 580 3582 nationibus,
602 3499 782 3565 discrimen
797 3501 952 3589 protendi
971 3509 1084 3588 potest
1103 3503 1144 3566 nd
1165 3503 1302 3590 longius
1321 3510 1407 3568 tem-

280 3639 355 3702 pus,
379 3615 475 3680 Hunc
495 3623 609 3680 autem
632 3614 751 3679 horam
777 3615 918 3700 toqctem
942 3622 1063 3681 notant
1083 3623 1117 3680 et
1141 3623 1259 3682 notare
1279 3615 1405 3681 debent

312 3811 318 3844 ¹
336 3809 497 3869 Gardellini‚
514 3807 669 3873 Appendic,
684 3825 709 3856 n.
726 3813 795 3857 5622.

310 3889 320 3923 2
337 3889 395 3937 Hoc
410 3904 569 3952 responsum
583 3891 655 3951 tegas
670 3890 696 3936 in
713 3887 882 3938 Coltertoneo
892 3889 917 3937 S.
930 3891 1030 3953 Couyr.
1047 3890 1079 3938 de
1094 3891 1175 3953 Prop.
1191 3891 1268 3948 Fide,
1286 3907 1312 3938 n.
1329 3896 1403 3950 2079,

280 3969 386 4028 nomo,
403 3975 475 4029 reos,
492 3986 518 4032 p.
535 3973 588 4018 ere.

310 4049 320 4084 ³
335 4049 448 4098 Decreta
463 4049 631 4107 authentico,
646 4065 672 4097 n.
686 4053 760 4107 ³365,
776 4051 848 4106 tm,
865 4063 890 4111 p.
908 4053 946 4097 57.

310 4131 319 4162 ’ἱ
335 4129 453 4194 Tempus
469 4129 586 4178 medinm
601 4131 745 4192 aliquando
760 4129 888 4178 coincidit
898 4143 959 4178 cum
970 4131 1093 4192 tempore
1108 4145 1184 4188 1·ero,·
1199 4131 1297 4194 saepius
1312 4135 1403 4180 nutem

278 4209 382 4268 differt,
399 4223 534 4272 nunquam
552 4225 614 4258 vcro
629 4211 698 4258 ultrn
714 4224 796 4258 unum
811 4210 883 4257 horre
896 4209 1073 4272 quadrantem
1089 4211 1128 4272 (15
1141 4226 1176 4258 ou
1192 4216 1221 4258 16
1235 4211 1370 4270 minutus).
