3246 5026
542 466 586 518 DE
603 465 737 518 JEJUNIO
757 463 995 516 EUCllllRlSTlCO
1283 465 1335 518 ³35

207 612 396 699 percipere,
414 609 530 696 regule
549 608 643 675 nulla
658 609 767 674 docet.
789 609 877 674 Nam
896 608 987 697 quod
1006 608 1134 674 invitus
1153 609 1229 697 quis
1248 611 1333 698 pati-

208 733 274 808 tur,
302 725 337 790 in
361 725 496 812 culpam
522 723 552 788 ei
576 747 645 789 non
670 722 771 788 debet
793 723 969 811 imputari,
997 745 1035 788 ao
1059 745 1120 811 per
1142 724 1207 790 hoc
1230 748 1333 792 neca

149 901 152 906 .
207 839 466 929 participatione
490 839 577 903 tanti
603 836 743 903 remedii
769 838 916 903 coerceri
930 841 951 904 ¹.
983 865 999 898 »
1027 835 1126 917 Quod
1151 861 1217 905 usu
1240 863 1333 906 com-

208 954 303 1020 muni
322 959 495 1042 receptum
515 959 578 1018 est.

251 1091 279 1134 c.
299 1068 334 1134 Si
349 1067 441 1156 quis,
459 1067 540 1132 dum
555 1091 593 1131 os
608 1067 715 1148 lavat,
734 1065 901 1152 deglutiat
914 1066 1076 1153 pauculas
1092 1075 1207 1154 guttas
1222 1091 1331 1158 aquae,
1424 1073 1429 1082 “

207 1190 330 1271 prater
349 1181 590 1264 intentionem,
609 1203 677 1246 non
697 1179 825 1268 rumpit
834 1179 1019 1268 jejunium;
1036 1181 1082 1246 ita
1095 1181 1153 1248 cit.
1167 1181 1331 1266 Rubrica,

111 1343 118 1358 .
208 1321 282 1386 quar
307 1297 354 1362 sic
378 1296 517 1384 pergit:
546 1322 562 1357 <r
588 1295 680 1361 Idem
708 1293 888 1360 dicendum
917 1293 1056 1383 (nempe
1082 1318 1151 1362 non
1177 1297 1333 1384 impediri

208 1408 513 1499 communionem),
543 1411 588 1491 si,
617 1410 764 1476 lavando
792 1432 847 1490 oe,
876 1409 1083 1496 deglutiatur
1112 1411 1203 1476 stilla
1237 1435 1334 1500 aquae

207 1532 329 1614 praeter
354 1525 578 1591 intentionem
590 1525 611 1589 ¹.
641 1551 656 1586 n
683 1523 720 1590 Si
747 1524 823 1612 quis
849 1547 928 1612 ergo
956 1531 1033 1590 ante
1060 1527 1333 1592 communionem

207 1646 322 1707 utatur
348 1639 522 1704 ablutione
549 1639 633 1720 oris,
661 1637 944 1725 gargarizatione,
973 1645 1007 1704 et
1035 1639 1138 1704 etiam
1167 1639 1215 1705 sic
1243 1640 1333 1707 dicta

204 1755 480 1841 pulueriaetione,
509 1753 640 1818 licitum
662 1752 799 1842 quidem
823 1759 875 1818 est
898 1753 964 1834 illi,
991 1753 1052 1819 sed
1076 1763 1170 1820 curet
1193 1762 1232 1821 ut
1255 1755 1333 1821 dili-

207 1876 327 1958 genter
352 1891 459 1956 aquas
485 1873 628 1954 expuat,
657 1890 699 1932 ne
728 1866 870 1932 nimium
901 1890 997 1955 aquen
1025 1867 1208 1955 deglutiat;
1242 1871 1333 1958 quod

208 1983 298 2048 enim
323 1989 479 2048 censetur
502 1983 646 2046 transire
666 2003 731 2067 per
756 1980 894 2045 modum
912 1981 1040 2065 salivae,
1062 1982 1241 2048 minimum
1265 1990 1329 2050 est.

252 2099 285 2162 d.
308 2097 344 2163 Si
368 2097 460 2185 quis,
479 2097 638 2162 inccdens
662 2103 814 2183 tempore
839 2096 995 2181 pluvioso
1015 2096 1070 2161 vel
1094 2097 1230 2179 nivoso,
1253 2122 1333 2165 casu

209 2212 376 2298 deglutiat
410 2210 564 2297 guttulas
599 2233 695 2298 aqurr
725 2217 785 2275 aut
817 2209 928 2292 nivis,
966 2210 1048 2276 item
1086 2211 1114 2276 si
1144 2214 1221 2300 quis
1252 2236 1333 2279 casu

208 2325 375 2414 deglutiat
394 2325 586 2414 pulverem,
607 2347 777 2407 muscam,
800 2332 858 2390 aut
882 2325 1035 2412 guttulas
1053 2327 1180 2415 proprii
1199 2328 1334 2394 sudoris

208 2447 267 2506 aut
286 2440 478 2526 sanguiniS,
498 2439 673 2505 autetiam
689 2439 842 2526 guttulas
862 2439 1003 2527 liquoris
1022 2447 1081 2506 aut
1096 2441 1222 2528 jusculi
1243 2442 1333 2530 quod

208 2561 324 2641 gustat
350 2555 533 2642 statimque
559 2553 693 2640 expuit,
723 2575 790 2617 non
819 2552 922 2618 solvit
943 2554 1128 2642 jejunium,
1157 2557 1236 2645 quia
1261 2558 1333 2624 hacc
1382 2554 1384 2562 ’

208 2669 322 2734 omnia
340 2691 409 2733 non
429 2668 534 2734 sumit
552 2668 618 2732 nisi
637 2690 698 2755 por
716 2666 854 2732 modum
874 2667 1106 2755 respirationis
1125 2678 1184 2735 aut
1204 2671 1330 2737 salivae.

208 2783 398 2848 -Pariter
417 2783 445 2847 si
466 2783 542 2871 quis
561 2788 677 2847 utatur
695 2781 813 2847 tabaco
829 2781 884 2845 vel
903 2804 963 2869 per
982 2805 1080 2847 nares
1099 2790 1260 2865 attracto,
1278 2787 1334 2851 vel

209 2895 408 2979 fumificato,
436 2896 491 2963 vel
515 2896 617 2962 etiam
641 2893 801 2960 dentibus
827 2895 922 2978 trito,
949 2919 1017 2960 non
1041 2897 1144 2962 solvit
1165 2899 1178 2986 j
1198 2899 1334 2988 junium

210 3010 265 3096 (ne
296 3011 416 3099 loquar
442 3012 483 3076 de
510 3009 732 3096 indecentia),
761 3009 841 3075 licet
868 3033 1011 3098 parvum
1039 3012 1121 3099 quid
1147 3013 1331 3100 deglutiat,

209 3127 287 3215 quia
305 3126 411 3195 sumit
429 3148 489 3213 per
507 3125 646 3189 modum
665 3123 897 3210 respirationis
916 3132 974 3190 aut
993 3125 1108 3190 saliva·
1121 3127 1142 3195 ³.

253 3263 280 3306 e.
299 3241 335 3307 Si
350 3241 426 3328 quis
440 3239 621 3306 absorbeat
635 3238 780 3326 aliquid,
795 3239 886 3326 quod
900 3241 1037 3305 omnino
1051 3241 1157 3329 digeri
1172 3253 1331 3333 nequeat,

210 3377 242 3420 v.
260 3379 309 3442 g.,
327 3354 498 3443 lapillum,
517 3353 744 3441 fragmentum
764 3353 910 3435 metalli,
928 3362 1008 3437 etc,
1027 3379 1094 3422 non
1110 3359 1237 3447 rumpit
1248 3360 1335 3450 jeju-

210 3469 319 3552 nium,
347 3469 427 3534 licet
453 3469 563 3534 sciens
588 3468 774 3555 volensque
801 3467 985 3555 deglutiat:
1017 3472 1095 3559 quia
1127 3497 1195 3538 non
1220 3481 1334 3562 potest

209 3583 296 3650 serio
319 3607 380 3671 per
403 3582 542 3648 modum
567 3582 633 3647 cibi
658 3589 716 3648 aut
740 3587 842 3668 potus
866 3583 970 3664 sumi,
993 3586 1084 3672 quod
1103 3589 1241 3652 omnino
1266 3611 1334 3654 non

209 3704 322 3785 potest
348 3697 467 3785 digeri.
496 3697 602 3764 Secus
631 3693 812 3762 dicendum
840 3695 881 3760 de
912 3721 964 3780 re,
993 3722 1067 3786 qua·
1094 3700 1207 3789 aliquo
1234 3703 1335 3768 modo

209 3811 315 3898 digeri
335 3811 458 3900 possit,
481 3835 514 3877 v.
537 3835 585 3898 g,
608 3810 740 3890 charta,
758 3809 871 3896 palea,
894 3833 986 3890 cera,
1008 3821 1071 3878 eto.
1089 3816 1108 3877 ⁴.

240 3964 249 3998 ¹
267 3965 370 4026 iligen,
387 3965 417 4014 P.
434 3967 472 4019 ln,
490 3969 508 4015 t.
525 3981 598 4022 cmx,
612 3965 663 4013 col.
681 3965 749 4012 too-t.

240 4043 305 4091 ²Cl.
321 4044 402 4092 etiem
418 4044 451 4092 D.
468 4033 612 4102 Thomam,
629 4043 678 4092 loc.
695 4043 740 4091 cit.

240 4122 451 4182 mentuunt,
469 4124 591 4177 Summa,
611 4123 647 4172 De
662 4126 849 4178 Eucharistia.
866 4127 929 4176 dist.
947 4124 996 4181 Vl,
1017 4129 1067 4175 art.
1087 4143 1121 4182 rr,
1142 4132 1196 4185 §Q
1217 4128 1333 4192 Trnjccti

209 4201 243 4248 ad
257 4200 377 4262 Mosam,
395 4207 467 4259 1770,
484 4205 503 4251 t.
517 4217 585 4260 xvir,
600 4217 626 4264 p.
643 4207 769 4254 tae-trs.
785 4235 814 4242 -
829 4206 856 4254 S.
872 4206 963 4268 Alplr„
980 4205 1026 4252 lib.
1044 4205 1093 4257 l'l.
1110 4220 1135 4253 n.
1152 4213 1205 4254 280.

241 4281 251 4314 ⁴
267 4279 294 4331 S.
309 4281 400 4345 Alph,
415 4283 461 4332 lib.
480 4281 530 4340 Vl,
547 4299 572 4331 n.
587 4287 640 4332 ast.
