3246 5026
665 517 865 569 DOCUMEN'l'd
1275 519 1327 572 353

202 664 251 726 vel
273 685 335 724 non
358 663 600 745 possidentium,
623 663 848 744 cujuscumque
870 661 1004 737 ordinis,
1026 665 1276 744 congregationis
1298 676 1328 726 et

202 759 353 833 instituti,
378 759 577 820 existentium
600 759 680 819 intra
703 759 779 818 sines
801 759 914 832 ltaliae,
938 766 968 818 ct
991 759 1163 820 insularum
1181 761 1326 843 adjacen-

203 857 296 930 tium,
313 863 349 915 ut
367 856 497 935 singuli,
519 855 557 916 ad
578 877 656 936 quos
676 855 825 935 pertinet,
842 855 873 914 in
893 855 1031 935 qualibet
1050 857 1226 937 provincia,
1243 859 1327 919 adhi-

202 953 274 1013 bitis
295 952 434 1026 duobuS,
457 959 509 1011 aut
536 953 633 1012 tribus
658 950 850 1030 regularibus
872 952 919 1010 sui
941 951 1074 1024 ordinis,
1092 954 1141 1012 vel
1160 975 1328 1033 congrega-

201 1049 296 1109 tionis
312 1047 556 1128 probatioribus,
573 1055 604 1107 et
620 1068 722 1106 rerum
739 1068 796 1108 usu
812 1047 1027 1128 peritioribus,
1045 1049 1125 1108 bona
1141 1049 1326 1124 immobilia,

202 1165 328 1217 census,
354 1143 487 1218 redituS,
511 1153 542 1204 et
566 1151 737 1225 proventus
761 1164 885 1216 omnes,
911 1151 1075 1204 consuetas
1099 1145 1173 1204 item
1198 1145 1328 1206 eleemo-

202 1261 310 1322 synaS,
327 1248 359 1300 et
378 1240 598 1314 obventiones,
616 1249 678 1300 tam
699 1260 879 1299 communes
900 1241 1177 1315 monasteriorum,
1194 1263 1328 1303 conven-

201 1345 303 1410 tuum,
320 1343 351 1396 ct
365 1337 531 1396 domorum
547 1336 684 1417 ejusdem
701 1336 886 1416 provinciae,
904 1357 996 1416 quam
1012 1335 1105 1396 etiam
1121 1337 1329 1416 singularibus

202 1433 344 1514 personis
372 1433 524 1512 religiosis
557 1432 742 1510 assignatas,
773 1452 827 1490 seu
857 1431 1037 1511 permissas,
1071 1432 1102 1490 in
1131 1453 1327 1494 communem

202 1549 293 1588 usum
313 1527 458 1609 deinceps
478 1527 698 1600 conserendas,
716 1527 823 1586 decem
843 1547 996 1587 aiinorum
1017 1528 1195 1588 immediate
1215 1551 1328 1610 praecc-

202 1625 343 1684 dentium
363 1625 467 1685 habita
488 1625 622 1706 ratione,
644 1623 819 1702 diligenter,
842 1629 872 1684 et
892 1631 1013 1684 mature
1034 1635 1274 1705 recognoscant,
1292 1627 1328 1686 iis

203 1721 348 1781 omnibus
368 1721 531 1793 detractiS,
553 1741 622 1800 quae
643 1719 869 1800 reparationes,
892 1721 1123 1800 praestationes,
1145 1723 1326 1800 grandines,

203 1817 397 1891 sterilitates,
413 1817 512 1876 aliave
532 1815 698 1896 cujuslibet
718 1815 839 1894 generis
859 1836 953 1876 onera
973 1826 1204 1877 consueverunt
1224 1819 1329 1878 absor-

205 1913 295 1986 bere;
313 1934 409 1994 eaque
430 1913 533 1972 omnia
549 1912 666 1992 scripto
681 1911 814 1970 fideliter
829 1919 968 1986 exarata,
986 1912 1068 1972 idem
1084 1913 1226 1994 superior
1240 1914 1328 1995 cujus

203 2009 348 2081 interest,
369 2008 401 2067 in
421 2009 564 2090 proximo
584 2007 739 2088 capitulo,
756 2028 809 2066 seu
830 2029 937 2086 congr.
960 2009 1111 2087 generali,
1133 2010 1182 2069 vel
1203 2011 1329 2091 provin-

204 2105 273 2166 ciali
289 2125 393 2165 coram
409 2103 508 2164 tribus
524 2103 699 2185 judicibuS,
716 2103 755 2163 ab
771 2103 904 2183 ipsomet
919 2105 1072 2185 capitulo,
1090 2127 1144 2166 seu
1160 2127 1329 2186 congrega-

205 2203 289 2261 tione
304 2200 478 2280 deligendis
493 2207 665 2281 proponat,
683 2200 735 2280 qui
755 2201 943 2280 computatis
962 2201 1142 2282 hujusmodi
1162 2203 1328 2276 reditibus,

204 2297 423 2377 eleemosynis,
448 2304 478 2356 et
502 2296 743 2356 obventionibus
766 2291 973 2356 universis'et
994 2298 1156 2372 oneribus,
1181 2307 1213 2359 ut
1237 2321 1329 2380 supra

203 2393 365 2465 detractis,
387 2392 496 2452 sedulo
518 2393 712 2464 examinent,
730 2401 807 2473 quot
828 2393 963 2472 religiosi
984 2395 1141 2468 homines,
1164 2417 1331 2456 connume-

204 2489 277 2550 ratis
293 2489 385 2549 etiam
402 2489 499 2562 laicis,
516 2487 645 2569 aliisque
662 2489 842 2548 necessariis
858 2489 1077 2564 servientibus,
1094 2491 1125 2549 in
1141 2512 1331 2573 unoquoque

202 2585 410 2660 monasterio,
427 2593 599 2655 conventu,
617 2593 648 2644 et
668 2585 762 2644 domo
783 2584 932 2662 regulari,
947 2585 1036 2665 juxta
1058 2587 1192 2664 regionis
1212 2595 1243 2647 et
1258 2609 1330 2669 pro-

202 2681 260 2762 prii
276 2681 411 2741 instituti
427 2701 556 2754 morem,
573 2681 703 2754 victum,
721 2687 751 2739 ct
767 2681 926 2753 vestitum,
944 2687 974 2740 et
990 2681 1183 2742 medicinalia
1200 2683 1231 2742 in
1247 2705 1330 2744 corn-

201 2777 287 2838 muni
303 2777 468 2850 habentes,
485 2783 700 2857 competenter
715 2775 838 2836 valeant
858 2778 1035 2836 sustentari.
1053 2777 1131 2836 Tum
1148 2779 1329 2840 eorumdem

201 2873 366 2947 bonorum,
382 2873 550 2948 redituum,
565 2872 843 2953 eleemosynarum,
858 2880 888 2932 et
904 2893 1033 2932 oncrum
1047 2874 1206 2954 praecisam
1223 2883 1329 2935 notam

201 2969 325 3050 ipsimet
348 2969 502 3049 capitulo,
526 2990 579 3028 seu
603 2969 839 3048 congregationi
861 2967 1044 3042 exhibeant,
1069 2976 1103 3028 ut
1126 2969 1157 3028 iu
1180 2969 1233 3030 illo
1255 2971 1328 3030 dili-

201 3073 311 3145 genter
324 3065 468 3124 omnibus
483 3064 641 3138 discussis,
659 3065 810 3145 cujusque
826 3064 962 3136 familiae,
980 3065 1176 3138 monasterii,
1193 3087 1328 3126 conven-

202 3169 252 3222 tus
280 3181 315 3222 ac
341 3161 452 3221 domus
482 3161 630 3239 regularis
657 3160 688 3219 in
715 3160 837 3238 singula
866 3181 989 3241 quaque
1017 3161 1195 3242 provincia,
1224 3171 1327 3224 certus

202 3277 307 3316 earum
328 3245 674 3336 tantum'personarum
695 3277 858 3330 numerus,
876 3264 999 3337 patrum
1017 3259 1236 3339 capitularium
1252 3267 1326 3320 voto

202 3354 390 3434 praefigatur,
416 3373 484 3433 quae
513 3352 681 3425 reditibus,
714 3353 919 3434 eleemosynis
947 3361 977 3413 et
1007 3354 1265 3431 obventionibus,
1292 3365 1326 3417 ut

201 3450 359 3530 superius,
387 3449 576 3508 sufficienter
601 3447 640 3508 all
665 3449 796 3529 possint.
823 3451 872 3510 Ne
897 3471 970 3510 vero
997 3453 1188 3532 superiores,
1217 3454 1269 3533 qui
1293 3453 1323 3512 id

200 3553 346 3626 praestare
361 3545 487 3618 debent,
505 3544 613 3618 seriuS,
628 3551 682 3604 aut
697 3545 865 3618 remissius,
880 3567 972 3626 quam
989 3567 1045 3626 par
1059 3553 1116 3621 est,
1132 3567 1187 3607 suo
1203 3548 1325 3608 muneri

199 3641 406 3718 satisfaciant,
428 3641 554 3700 mandat
576 3642 669 3700 Sacra
688 3640 804 3719 Congr.
828 3649 862 3702 ut
881 3641 961 3701 inlra
980 3663 1111 3716 annum,
1129 3650 1200 3722 post
1219 3645 1324 3725 proxi·

198 3758 282 3798 mum
303 3737 474 3818 capitulum
490 3737 649 3816 generale,
666 3737 715 3796 vel
732 3736 921 3817 provinciale
942 3737 1203 3818 computandum,
1220 3740 1323 3800 omnia

197 3833 257 3893 hoc
285 3833 324 3893 dc
353 3853 465 3912 genere
499 3831 713 3914 capitulariter
745 3841 848 3912 gesta,
881 3833 910 3892 in
944 3833 1154 3895 authenticam
1190 3835 1321 3898 sormam

197 3929 336 4003 redacta,
355 3930 394 3990 ad
415 3949 533 3990 sacram
552 3929 649 4010 ipsam
669 3929 785 4008 Congr.
807 3929 903 3990 Cone.
923 3929 1037 4008 singuli
1057 3929 1193 3992 mittant.
1208 3933 1322 3993 Nume-

195 4045 327 4108 rumque
343 4025 466 4086 familiae
481 4023 738 4106 singulorumque
753 4032 981 4096 conventuum,
998 4027 1274 4102 monasteriorum,
1291 4037 1322 4089 et

194 4121 359 4183 domorum
386 4121 564 4202 hujusmodi
596 4113 801 4200 reg'ularium,
829 4121 975 4202 capituli,
1007 4143 1061 4183 seu
1088 4123 1204 4203 Congr.
1230 4145 1320 4204 gene-

195 4219 267 4280 ralis
293 4219 341 4279 vel
361 4217 560 4300 provincialis
581 4217 735 4277 sententia
759 4225 790 4277 et
810 4218 997 4278 auctoritate
1017 4219 1204 4300 praefinitum
1226 4219 1319 4282 iidem

195 4316 385 4396 superiores,
408 4322 470 4375 tam
494 4315 670 4394 generales,
693 4313 900 4394 provinciales
924 4335 1047 4388 omnes,
1071 4337 1164 4396 quam
1188 4315 1317 4392 locales,

288 4443 370 4479 mssa.
1159 4429 1193 4482 23
