3180 5024
341 471 396 526 240
557 531 560 536 Α
828 471 872 524 DE
892 470 991 524 mssa

343 619 438 702 salia,
460 623 548 704 part.
571 616 598 698 I,
621 617 674 681 tit.
697 636 760 698 xx,
783 615 929 682 dicitur:
948 613 1037 680 «Ab
1058 615 1177 681 eadem
1196 623 1292 704 parte
1312 617 1473 704 Epistola

338 739 483 816 paretur
502 753 631 814 cereus,
654 731 698 794 ad
721 729 938 795 elevationem
960 731 1166 795 sacrementi
1188 731 1433 796 accendendus.
1456 761 1470 790 n

343 846 416 910 Hoc
449 850 656 931 praeceptum
688 843 758 909 fere
790 843 915 931 ubique
949 849 1115 908 terrarum
1146 843 1181 908 in
1211 843 1473 910 desuetudinem
1565 869 1566 874 ¹

341 957 441 1039 abiit,
466 965 505 1022 ut
528 957 600 1045 jam
627 980 689 1022 suo
718 965 871 1047 tempore
904 963 1043 1022 sanctus
1069 957 1270 1045 Alpbonsus
1300 955 1470 1023 notabetl.

343 1072 431 1138 Hinc
457 1071 493 1138 S.
519 1071 588 1138 Rit.
620 1069 746 1158 Congr.
776 1070 1058 1136 consuetudinem
1078 1093 1146 1136 non
1175 1071 1388 1138 accendendi
1409 1080 1474 1137 ter-

342 1185 428 1250 tium
448 1207 584 1252 cereum
600 1208 660 1273 pro
683 1183 938 1250 consecratione
959 1185 1087 1250 servari
1101 1207 1202 1274 posse
1217 1185 1425 1264 declaravit,
1441 1185 1473 1250 in

345 1299 536 1386 Urgellen„
563 1299 604 1365 30
626 1297 699 1366 dec.
724 1297 826 1378 1881,
849 1298 892 1362 ad
914 1297 949 1361 11
964 1299 994 1379 ⁸3
1020 1298 1113 1386 quod
1131 1298 1205 1385 jam
1228 1299 1474 1388 aequivalenter

342 1413 573 1480 declaraverat
592 1413 626 1477 in
646 1412 703 1478 cit.
726 1411 901 1478 Societatia
923 1412 1020 1496 Jeau,
1045 1415 1082 1476 11
1106 1413 1185 1478 maii
1207 1411 1311 1494 1818,
1333 1413 1380 1478 ad
1402 1415 1470 1480 17³.

343 1528 404 1592 Hae
433 1526 570 1614 quidem
594 1525 834 1614 responsiones
857 1525 900 1591 ad
925 1525 961 1589 11
991 1531 1025 1590 et
1048 1525 1092 1590 ad
1112 1527 1152 1591 17
1173 1527 1310 1591 omissae
1333 1529 1471 1593 suntin

342 1663 430 1704 nova
449 1639 597 1705 editione
617 1641 716 1706 Decr.
733 1641 830 1706 autb.
855 1641 906 1728 (n.
925 1638 1024 1722 3118,
1047 1639 1169 1728 3535);
1192 1663 1260 1704 non
1280 1641 1471 1729 putaverim

342 1761 457 1820 tamen
488 1753 566 1818 inde
599 1752 813 1842 reprobatam
844 1753 970 1819 dictam
1000 1754 1303 1834 consuetudinem
1338 1755 1470 1820 omuaio

342 1868 433 1934 enim
453 1867 597 1955 alicujus
613 1867 739 1933 decreti
757 1868 813 1933 vel
833 1867 1063 1956 responsionis
1081 1889 1150 1932 non
1170 1875 1224 1934 est
1242 1891 1283 1933 eo
1303 1867 1382 1956 ipso
1402 1867 1470 1956 ejus

343 1984 519 2067 revocatio,
539 1989 577 2048 ut
592 1988 687 2070 patet
702 2004 744 2046 ex
759 1981 895 2048 decreto
912 1981 1016 2046 Urbis
1030 1989 1062 2046 et
1076 1981 1192 2064 Orbis,
1210 1981 1250 2047 16
1267 1981 1354 2048 febr.
1374 1980 1468 2057 1898,

341 2097 438 2161 initio
459 2120 555 2162 novae
574 2095 733 2162 editionis
753 2095 872 2160 relato.

386 2209 431 2274 N.
453 2211 493 2275 B.
518 2211 582 2274 Pro
606 2210 737 2275 caeteris
761 2209 867 2275 sacris
891 2208 1094 2276 utensilibus
1118 2209 1260 2274 minoris
1284 2209 1466 2283 momenti,
1568 2207 1569 2214 '

339 2347 374 2386 v.
403 2347 451 2408 g.‚
483 2323 626 2407 tabellis,
658 2321 801 2408 milsali,
833 2323 1052 2410 campanula,
1082 2323 1263 2408 ampullis,
1285 2331 1368 2405 etc.,
1393 2324 1469 2390 vide

339 2436 561 2523 liturgistas⁴.

534 2752 553 2826 ξ
571 2753 604 2809 5.
627 2753 680 2810 De
701 2751 963 2811 benedictione
981 2757 1018 2811 et
1037 2751 1276 2812 execratione

740 2853 1059 2918 paramentorum.

385 3077 479 3146 128.
499 3116 543 3126 -
561 3077 799 3146 Paramenta
817 3095 907 3164 quaa
930 3075 1111 3145 benedici
1130 3073 1312 3144 debeant.
1334 3075 1466 3138 -Vox

336 3191 542 3256 Paramenta
562 3191 614 3254 hic
634 3191 668 3254 in
689 3213 791 3256 sensu
806 3189 918 3254 latiori
938 3189 1095 3272 sumitur,
1116 3197 1151 3254 et
1169 3189 1408 3276 complectitur
1427 3211 1465 3253 ea

334 3303 450 3368 omnia
474 3303 515 3368 de
539 3303 662 3391 quibus
681 3304 716 3370 in
741 3304 803 3368 hoc
823 3304 932 3392 eapite
956 3303 1061 3370 locuti
1084 3325 1201 3368 sumus
1223 3303 1363 3392 (praeter
1386 3303 1465 3368 cali-

338 3439 393 3482 ces
418 3423 451 3482 et
475 3423 633 3505 patenas,
659 3417 701 3483 de
725 3439 870 3505 quorum
888 3417 1134 3483 consecratione
1157 3417 1290 3504 egimus
1314 3419 1348 3482 in
1367 3433 1465 3505 para-

334 3529 466 3619 grapho
488 3529 542 3619 1),
565 3553 687 3618 nempe
704 3553 801 3596 saera
815 3531 1027 3616 linteamina,
1050 3539 1152 3597 veatae
1169 3531 1406 3616 sacerdotales,
1430 3539 1464 3596 et

336 3656 497 3713 ornatum
516 3647 628 3712 calicis
646 3654 678 3710 et
701 3647 833 3713 altaria.
857 3647 986 3714 Porro:

383 3765 417 3827 1Ο
435 3762 484 3827 Dc
508 3762 612 3828 sacris
632 3759 897 3828 linteaminibus.
918 3799 963 3810 -
990 3761 1174 3848 Corporale
1193 3768 1228 3828 et
1250 3761 1344 3847 palla
1369 3767 1460 3828 certo

367 3965 375 3996 ¹
396 3964 476 4013 Libro
491 3963 542 4024 Vi,
558 3978 584 4011 n.
601 3966 655 4014 ³9-l.

366 4043 377 4080 ²
394 4043 556 4102 Gardellini,
571 4041 729 4106 Appendia,
746 4057 771 4090 n.
788 4047 859 4092 5830.

366 4125 377 4160 ³
393 4123 554 4182 Gar-delitui,
570 4121 728 4186 Appendin,
744 4137 770 4170 n.
787 4127 856 4172 5718.

364 4207 375 4238 ⁴
393 4204 426 4251 V.
443 4219 477 4267 g.,
494 4203 527 4252 de
541 4203 642 4259 Herdt,
657 4201 746 4252 Sacrae
760 4201 882 4268 liturqiae
898 4203 1008 4266 praxis,
1027 4219 1090 4268 pars
1105 4209 1131 4260 1,
1149 4219 1174 4253 n.
1197 4208 1241 4253 186
1261 4219 1311 4267 ες,
1333 4203 1455 4255 Lovanii.

335 4287 407 4340 mea,
423 4287 443 4333 t.
461 4299 481 4342 ι,
497 4299 524 4347 p.
540 4288 594 4332 aaa.
