3180 5024
428 511 469 561 DE
488 511 649 562 cusronn
670 511 784 563 SACRAE
804 512 1033 564 nucnnnlsnn
1237 510 1288 562 293

159 655 278 720 altaris
302 661 464 742 ponatur;
491 678 558 719 non
577 677 657 720 vero
681 655 782 721 debet
801 679 875 722 esse
894 657 1018 743 procul
1041 655 1084 721 ab
1105 655 1221 734 altari,
1242 655 1289 720 ita

159 776 197 834 ut
217 769 274 833 vix
294 769 337 833 ad
356 767 442 833 illud
460 767 575 834 reterri
599 767 754 835 videatur
774 769 833 859 (ita
854 769 888 837 S.
903 770 1037 857 Congr.
1061 771 1145 853 Bit,
1168 769 1203 833 in
1221 791 1288 833 una

160 881 300 948 Ordinis
327 883 613 970 Capuccinorum,
642 884 684 948 22
713 907 791 972 aug.
822 884 907 952 1699
926 884 965 973 ¹).
991 924 1035 935 -
1060 884 1162 950 Parvi
1187 881 1289 947 refert

158 1019 226 1085 quo
246 996 347 1061 modo
366 998 593 1085 suspendatur
611 999 666 1063 vel
684 1006 830 1086 ponatur
850 998 897 1086 (S.
920 999 990 1066 Rit.
1014 997 1153 1086 Congo,
1176 998 1209 1061 in
1230 997 1285 1060 cit.

159 1111 323 1194 Cumaea,
345 1112 388 1176 ad
404 1111 450 1198 1).

204 1225 240 1291 3⁰
263 1225 410 1290 Materia
433 1249 502 1312 qua
528 1228 657 1314 lampas
681 1229 728 1292 ali
752 1229 880 1294 debeat.
902 1268 946 1278 -
970 1229 1074 1294 Juxta
1093 1227 1289 1314 antiquissi-

159 1361 251 1404 mam
276 1339 435 1404 Ecclesia
460 1339 691 1428 disciplinam,
714 1365 816 1430 quarn
841 1349 992 1408 mutuata
1011 1349 1064 1408 est
1083 1340 1126 1406 ab
1151 1340 1288 1427 antiquo

157 1453 410 1550 Testamento¹,
433 1455 564 1542 lampas
590 1455 635 1520 ali
661 1455 762 1522 debet
781 1455 855 1522 oleo
879 1480 921 1521 ea
940 1457 1034 1521 olivis
1050 1477 1063 1522 .·
1082 1455 1172 1544 quod
1191 1460 1288 1518 eaete-

158 1567 279 1655 roquin
304 1590 371 1632 non
396 1575 487 1633 caret
511 1569 665 1656 mysticis
690 1570 1007 1658 significationibus3
1029 1569 1135 1650 unde,
1157 1571 1189 1634 vi
1212 1591 1287 1634 coo·

156 1681 346 1748 suetudinis
376 1684 540 1770 antiqua,
574 1683 673 1748 datur
706 1683 868 1771 obligatio
896 1683 1068 1750 nutriendi
1095 1683 1286 1770 lampadem

157 1794 232 1861 oleo
258 1795 436 1862 olivarum.
467 1837 510 1847 —
540 1798 719 1880 Attamen,
753 1799 806 1864 his
836 1799 966 1864 ultimis
994 1796 1218 1885 temporibus,
1251 1797 1285 1860 in

157 1907 307 1974 favorem
334 1909 550 1976 ecclesiarum
578 1934 780 1999 pauperum,
808 1912 841 1977 S.
864 1913 934 1978 nit.
965 1911 1090 1999 Congr.
1120 1909 1286 1975 concessit

157 2022 344 2088 Ordinariis
369 2031 573 2111 potestatem
598 2025 659 2090 hac
685 2027 719 2090 in
746 2049 781 2091 re
805 2025 1041 2114 dispensandi,
1071 2023 1122 2089 his
1145 2022 1281 2089 verbis:

156 2165 172 2198 (ι
197 2137 393 2204 Generatim
413 2139 577 2204 utendum
596 2163 670 2206 esse
690 2141 764 2206 oleo
787 2141 969 2222 olivarum;
991 2138 1050 2204 ubi
1068 2162 1149 2204 vero
1169 2136 1284 2204 haberi

155 2261 319 2340 nequeat,
337 2254 577 2320 remittendum
596 2255 783 2342 prudentiae
800 2255 1043 2342 Episcoporum
1058 2261 1096 2318 ut
1110 2253 1283 2340 lampades

156 2367 350 2432 nutriantur
373 2391 415 2433 ex
435 2369 510 2434 aliis
532 2369 628 2452 oleis,
650 2379 820 2456 quantum
843 2371 919 2454 fieri
941 2371 1064 2456 possit,
1089 2367 1283 2455 veqetabili-

154 2481 231 2546 bus.
261 2509 276 2542 n
306 2481 357 2548 Ita
385 2481 419 2546 in
447 2482 581 2548 decreto
608 2483 628 2550 9
650 2483 728 2572 julii
759 2483 861 2564 1861,
883 2507 901 2548 a
926 2482 987 2549 Pio
1012 2481 1058 2548 IX
1085 2483 1282 2548 confirmato
1400 2465 1403 2472 ¹

156 2593 197 2658 11
218 2595 296 2682 julii
321 2594 473 2682 ejusdem
500 2597 613 2662 enuit
643 2597 694 2662 Ex
721 2597 851 2662 ultimis
877 2597 989 2661 verbis
1017 2596 1159 2678 decreti,
1188 2601 1282 2683 patet

155 2731 223 2773 non
249 2709 382 2774 excludi
401 2711 608 2796 petroleum,
632 2711 774 2798 ideoque
799 2733 898 2797 posse
922 2711 1088 2797 permitti,
1111 2711 1140 2776 si
1163 2717 1281 2794 urgeat

153 2823 303 2890 ecclesia.
323 2832 516 2912 paupertas.

185 3019 194 3052 ¹
212 3019 326 3069 Decreta
340 3020 511 3076 authentica,
529 3037 555 3071 n.
571 3026 646 3080 2033,
663 3026 682 3072 t.
700 3037 720 3080 ι,
737 3037 763 3085 p.
780 3025 834 3071 115.

184 3101 195 3134 ²
213 3099 308 3158 Exod,
325 3115 409 3160 xxvu,
426 3105 518 3150 20-21.

184 3179 195 3215 ⁸
212 3179 324 3230 Decreta
340 3181 510 3238 authentica,
528 3197 553 3230 n.
570 3186 644 3242 3121,
661 3186 680 3232 t.
698 3199 728 3236 n,
745 3199 771 3246 p.
788 3185 841 3232 an.
