3224 5044
324 489 376 543 tna
605 482 607 486 ’
760 506 765 514 -
808 485 858 537 DE'
871 484 970 538 MISSA

367 633 436 703 94.
452 672 495 682 -
511 632 711 709 Quaeritur
725 631 762 698 1⁰
777 631 873 694 Num
891 630 1046 694 sacerdos
1062 631 1096 693 in
1111 651 1188 694 casu
1204 629 1361 694 tribuens
1378 651 1456 694 con·

322 756 452 814 suetam
475 746 721 831 eleemosynam
745 765 983 830 excessumque
1006 743 1072 808 sibi
1097 744 1260 827 retinens,
1281 744 1327 808 sit
1350 745 1454 808 etiam

324 876 400 928 reus
419 861 537 946 furti?

369 979 401 1040 l⁰
420 973 566 1054 Quidam
590 973 749 1038 dixerunt
775 971 951 1061 praelatum
977 973 1187 1038 sacerdotem
1210 995 1352 1060 peccare
1377 973 1453 1060 qui-

322 1091 401 1157 dem
420 1089 619 1170 mortaliter,
636 1095 675 1154 ut
694 1109 813 1153 omnes
832 1094 963 1168 tenent,
982 1087 1126 1152 sednon
1145 1109 1219 1152 esse
1238 1109 1336 1152 reum
1356 1086 1449 1166 furti,

323 1205 402 1296 quia
422 1227 543 1292 nempe
563 1203 719 1268 sacerdos
738 1203 797 1290 qui
816 1201 925 1290 primo
945 1202 1068 1290 accipit
1087 1201 1311 1290 stipendium,
1334 1203 1452 1266 statim

322 1320 471 1407 acquirit
490 1318 680 1382 dominium
700 1317 810 1399 itlius,
827 1317 892 1381 sub
913 1317 1118 1402 obliqatione
1142 1317 1274 1380 dicendi
1294 1317 1454 1398 missam,·

323 1434 383 1500 sed
402 1433 488 1498 hane
508 1431 751 1518 obligationem
769 1437 885 1518 potest
903 1453 965 1518 per
980 1454 1015 1496 se
1035 1431 1091 1496 vel
1110 1429 1215 1496 alium
1234 1429 1395 1518 implere;
1413 1437 1453 1495 ut

322 1553 436 1613 autem
456 1544 595 1633 impleat
614 1567 674 1632 per
686 1543 801 1627 alium,
825 1545 949 1610 sufficit
969 1552 1007 1611 ut
1026 1545 1105 1610 huic
1120 1551 1318 1610 consuetam
1338 1544 1452 1609 tradat

322 1661 590 1748 eleemosynam
617 1659 671 1724 hic
699 1658 790 1724 enim
815 1659 994 1724 aliusnon
1019 1658 1121 1724 habet
1140 1659 1199 1748 jus
1218 1658 1261 1724 ad
1284 1657 1452 1746 majorem

321 1775 583 1863 eleemosynam.
608 1773 697 1861 Ergo
717 1796 795 1838 reus
814 1773 895 1838 furti
915 1796 982 1838 non
1003 1781 1066 1856 est,
1082 1797 1145 1840 nec
1156 1773 1299 1862 proinde
1314 1781 1453 1838 tenetur

321 1890 364 1956 ad
388 1888 649 1955 restitutionem.
678 1886 729 1952 Ita
753 1887 897 1952 Suarcz¹
918 1885 1015 1974 (cum
1035 1887 1133 1970 Soto,
1163 1911 1266 1976 quem
1285 1888 1449 1975 allegat);

321 2028 423 2092 quam
442 2004 637 2092 opinionem
656 2001 754 2066 bodie
771 1999 977 2067 d'Annibale
992 2008 1089 2089 putat
1110 2025 1184 2068 esse
1195 2002 1415 2088 probabilem
1427 2007 1448 2068 ².

365 2117 398 2180 2ο
421 2119 549 2182 Verum
579 2113 891 2204 probabilissimum
917 2123 986 2196 est,
1023 2117 1090 2180 imo
1129 2103 1263 2182 'certum
1293 2117 1449 2198 videtur,

320 2230 464 2317 ideoque
495 2231 696 2310 tenendum,
732 2229 909 2316 praelatum
948 2230 1159 2295 sacerdotem
1201 2253 1275 2296 esse
1313 2255 1451 2321 quoque

319 2365 414 2409 reum
438 2343 531 2408 furti.
561 2381 601 2395 —
626 2343 802 2409 Constat:
831 2346 861 2408 l.
889 2343 940 2408 Ex
965 2343 1183 2410 damnatione
1208 2367 1310 2433 supra
1332 2344 1452 2412 relatae

318 2457 560 2546 propositionis
584 2455 627 2522 ab
650 2455 844 2522 Alexandro
869 2457 949 2540 VII,
977 2459 1068 2523 unde
1093 2458 1246 2548 sequitur
1269 2457 1451 2546 praefatum

320 2571 546 2650 sacerdotem,
573 2571 631 2660 qui
652 2595 774 2658 nempe
801 2571 951 2637 celebrat
974 2595 1034 2660 per
1053 2571 1175 2654 alium,
1196 2579 1329 2638 retenta
1352 2583 1451 2662 parte

320 2687 561 2773 eleemosynae,
598 2709 665 2750 non
697 2685 912 2770 satisfacere,·
941 2685 1012 2750 haec
1044 2693 1158 2752 autem
1189 2711 1257 2751 vox
1288 2689 1451 2776 importat

320 2808 520 2888 conceptum
534 2800 700 2886 justitiae,·
718 2821 811 2884 erge,
834 2799 906 2864 sive
926 2799 1082 2864 sacerdos
1101 2799 1159 2865 ille
1173 2801 1307 2888 justum
1322 2802 1453 2890 stipen-

319 2915 413 2980 dium
437 2914 587 2979 conferat
613 2913 778 2978 sacerdoti
803 2911 1030 2994 celebraturo,
1053 2913 1125 2979 sive
1149 2935 1217 2977 non
1243 2913 1341 3002 (quia
1365 2915 1452 2982 Ale-

319 3030 447 3094 xander
466 3051 534 3092 non
554 3027 757 3114 distinguit),
779 3032 897 3114 peceat
915 3035 1034 3092 contre
1047 3028 1224 3114 justitiam
1232 3045 1247 3111 ,¹
1261 3067 1307 3077 —
1319 3029 1352 3094 2.
1370 3031 1451 3116 Ipsa

320 3144 451 3232 ratione
476 3138 646 3224 naturali,·
670 3163 766 3222 nam,
788 3141 823 3204 in
843 3163 923 3206 casu
943 3140 984 3206 de
1008 3164 1076 3229 quo
1100 3142 1229 3229 agitur,
1256 3141 1368 3208 fidelis
1391 3145 1452 3233 qui

320 3255 377 3319 dat
388 3255 641 3342 eleemosynam
653 3255 753 3320 solita
764 3254 940 3342 majorem,
956 3278 1031 3320 earn
1045 3261 1154 3320 totam
1171 3255 1239 3339 dat,
1261 3263 1299 3322 ut
1318 3256 1452 3323 dictum

319 3374 386 3450 est,
410 3367 536 3433 intuitu
551 3369 639 3432 sacri
659 3369 838 3434 ministerii
857 3369 950 3455 quod
965 3369 1041 3434 inde
1060 3379 1191 3456 sperat,
1218 3371 1266 3436 ita
1289 3377 1328 3435 ut
1348 3393 1452 3439 causa

318 3483 433 3548 totalis
449 3488 483 3546 et
502 3483 646 3570 integra,
663 3489 801 3571 propter
820 3489 921 3571 quam
940 3483 1059 3548 tribuit
1074 3484 1160 3549 hanc
1175 3483 1450 3571 eleemosynam,

319 3599 364 3663 sit
382 3597 451 3664 tale
476 3597 702 3662 ministerium
721 3595 993 3684 adimplendum;
1016 3619 1113 3686 ergo,
1136 3599 1165 3662 si
1185 3597 1342 3664 sacerdos
1367 3603 1453 3666 reti-

318 3719 397 3778 neat
411 3711 560 3800 aliquam
574 3718 706 3799 partem
719 3711 821 3798 hujus
833 3709 1069 3798 eleemosynae,
1085 3713 1209 3778 retinet
1221 3735 1296 3779 eam
1309 3715 1453 3782 omnino

319 3833 435 3892 eontra
460 3827 673 3890 voluntatem
704 3824 828 3890 dantis.
861 3861 905 3873 —
938 3825 1011 3890 Nec
1043 3825 1151 3906 dicaS,
1193 3849 1270 3892 cum
1306 3826 1450 3908 Suarez,

319 3939 529 4005 sacerdotem
552 3939 649 4003 illum
673 3938 790 4003 statim
813 3938 985 4026 acquirere
1010 3939 1198 4004 dominium
1222 3940 1453 4030 eleemosynae

318 4075 503 4133 concessae,
525 4075 626 4141 posse
651 4058 765 4117 autem
789 4050 959 4117 liberrime
991 4053 1207 4140 exstinguere
1238 4059 1453 4122 contractam

327 4249 330 4254 ·
350 4231 358 4264 ¹
377 4231 410 4280 Iu
425 4229 468 4280 ΙΙΙ
476 4231 552 4294 part,
567 4229 599 4279 D.
617 4229 736 4288 Tbomoe,
752 4231 824 4293 disp.
840 4229 985 4291 LXXXVI,
1001 4233 1068 4280 sect.
1084 4247 1124 4292 ru,
1139 4247 1164 4280 n.
1182 4237 1204 4282 7.

349 4309 527 4367 ’Summutm
544 4309 586 4358 ed.
603 4315 630 4370 3,
647 4312 666 4358 t.
683 4325 723 4368 nr,
738 4326 764 4358 n.
781 4315 838 4369 190,
855 4312 912 4360 not.
929 4316 967 4371 17,
983 4326 1010 4374 p.
1026 4316 1079 4360 166.
