3224 5044
329 465 380 518 142
812 463 856 514 DE
875 461 974 514 mssa

327 612 355 677 si
375 611 590 700 permittatur
610 608 776 698 Episcopo
796 607 832 671 in
851 607 1061 688 fundatione,
1079 615 1118 673 ut
1130 607 1240 695 possit
1259 607 1461 695 hujusmodi

326 747 427 792 onera
448 721 637 788 moderari?
664 749 679 782 a
705 719 881 808 respondit
905 720 941 786 S.
969 719 1095 808 Congr.
1121 742 1129 788 :
1158 748 1174 780 a
1204 719 1278 786 Etsi
1303 720 1460 808 legatum

325 837 370 902 sit
389 837 472 902 adeo
492 844 610 916 tenue,
632 835 853 900 nihilominus
871 857 932 923 pro
946 835 1142 900 reductione
1158 833 1313 900 oneris...
1331 835 1460 900 Sedem

324 951 545 1038 apostolicam
582 971 656 1014 esse
695 948 897 1014 adeundam.
928 949 1189 1028 Verumtamen,
1226 949 1272 1031 si,
1311 949 1347 1014 in
1383 949 1459 1038 ipsa

325 1063 480 1130 beneficii
506 1063 674 1129 erectione
699 1086 858 1150 expresse
886 1070 1023 1128 cautum
1053 1049 1153 1128 fuerit
1178 1071 1217 1128 ut
1245 1064 1347 1128 liceat
1374 1064 1459 1151 Epi-

324 1203 427 1268 scopo
456 1178 645 1267 injunctum
665 1200 751 1242 onus
776 1177 937 1243 reducere
961 1201 1000 1242 ac
1022 1177 1207 1257 moderari,
1230 1179 1342 1264 legem
1368 1177 1458 1242 hanc

324 1293 531 1359 fundationis
550 1315 624 1357 esse
639 1291 786 1356 validam
801 1298 836 1356 et
850 1290 1109 1357 observandam.
1129 1319 1145 1352 ιι
1160 1291 1199 1356 ln
1214 1292 1335 1357 eodem
1351 1314 1457 1356 sensu

323 1407 498 1496 respondit
518 1407 553 1473 S.
576 1406 702 1493 Congr.
726 1406 845 1486 Cone,
864 1406 906 1472 20
918 1405 1007 1492 junii
1024 1405 1141 1472 16821.
1160 1445 1203 1456 -
1217 1407 1248 1470 f.
1264 1406 1377 1488 Unde,
1392 1429 1456 1494 pro

323 1521 482 1585 oneribus
501 1528 580 1608 post
598 1521 689 1585 Trid.
708 1519 879 1608 impositis
898 1521 953 1586 vel
974 1521 1205 1608 imponendiS,
1225 1541 1294 1585 non
1315 1528 1369 1585 est
1388 1521 1455 1585 nisi

322 1657 388 1700 una
409 1634 579 1722 exceptio,
601 1657 723 1723 nempe
743 1635 771 1699 si
792 1634 949 1700 fundator
968 1635 1002 1700 in
1027 1633 1225 1700 fundatione
1245 1643 1453 1723 potestatem

322 1748 504 1815 reducendi
524 1749 682 1837 episcopo
702 1749 919 1815 concesserit.

366 2005 433 2072 ⁷5.
444 2043 489 2052 —
500 2004 625 2072 Casus
639 2002 825 2090 specialis
838 2002 1087 2072 fundationis
1099 2021 1171 2090 per
1183 2009 1451 2072 contractum.

319 2157 364 2167 -
383 2117 551 2182 Fundatio
577 2117 649 2181 fieri
673 2123 802 2205 potest,
829 2117 878 2182 uti
908 2139 1009 2204 supra
1035 2115 1165 2182 dictum
1190 2124 1258 2199 est,
1286 2139 1347 2206 per
1372 2140 1451 2182 con-

321 2229 488 2312 fractum·
507 2230 597 2318 quod
617 2231 779 2320 supponit
798 2231 882 2295 duas
902 2253 1064 2319 personas
1084 2231 1239 2297 viventes
1258 2239 1293 2296 et
1312 2239 1449 2296 eontra-

319 2347 454 2426 hentes,
482 2346 553 2410 sive
578 2355 772 2412 contractus
796 2349 855 2412 fiat
883 2347 972 2413 inter
999 2347 1147 2435 aliquam
1177 2347 1356 2413 ecclesiam
1390 2355 1449 2411 aut

319 2457 528 2536 institutum,
551 2464 585 2521 et
605 2457 697 2544 pium
718 2457 943 2540 fundatorem,
966 2457 1038 2522 sive
1058 2457 1116 2522 fiat
1136 2458 1224 2522 inter
1239 2457 1323 2523 duas
1339 2455 1449 2522 eccle-

318 2569 385 2634 sias
405 2576 463 2635 aut
481 2569 649 2652 instituta,
672 2593 816 2658 quorum
836 2594 959 2651 unum,
982 2571 1124 2635 servatis
1144 2571 1337 2651 servandis,
1356 2571 1392 2634 in
1412 2593 1449 2634 se

317 2679 460 2745 assumit
489 2703 575 2746 onus
602 2680 738 2768 aliquod
766 2681 946 2746 missarum
981 2678 1024 2745 ab
1051 2681 1118 2746 alio
1151 2682 1369 2746 translatum.
1403 2719 1448 2730 -

318 2795 439 2876 Porro,
458 2795 492 2858 in
508 2794 570 2859 hoc
591 2817 688 2874 casu,
711 2793 739 2858 si
759 2801 969 2875 contractus,
992 2794 1138 2860 decursu
1157 2803 1367 2882 temporum,
1386 2799 1446 2860 fiat

318 2909 446 2975 fasiona
473 2908 619 2973 instituti
647 2907 702 2972 vel
722 2908 889 2991 ecclesiae,
911 2908 965 2973 cui
985 2931 1071 2973 onus
1091 2909 1289 2997 impositum
1304 2916 1375 3000 est,
1399 2910 1444 2990 si,

315 3047 348 3088 v.
371 3046 420 3109 g.,
442 3023 572 3087 reditus
592 3022 638 3087 ita
658 3021 734 3099 sint,
747 3021 935 3100 imminuti,
957 3028 993 3088 ut
1014 3021 1110 3086 nulla
1130 3023 1175 3088 sit
1199 3022 1345 3110 amplius
1365 3045 1446 3111 pro·

315 3137 425 3223 portio
436 3136 524 3200 inter
539 3135 652 3200 dotem
664 3143 698 3201 et
713 3157 892 3202 numerum
907 3135 1100 3218 missarum,
1117 3136 1304 3225 Episcopus
1316 3145 1443 3226 potest,

314 3250 358 3313 ad
376 3249 573 3313 instantiam
592 3249 710 3337 partis,
733 3251 891 3314 reducere
906 3258 1118 3316 contractum
1137 3251 1182 3315 ad
1199 3251 1443 3338 aequalitatem,

314 3369 348 3426 et
367 3361 416 3426 sio
435 3361 598 3428 indirecte
622 3363 783 3429 reducere
808 3387 987 3429 numerum
1011 3365 1205 3430 missarum.
1228 3403 1271 3415 —
1299 3365 1445 3432 Constat

315 3499 357 3541 ex
380 3473 545 3563 principio
565 3477 715 3562 generali
740 3477 828 3543 circa
844 3477 1118 3564 jurisdictionem
1137 3479 1354 3566 judiciariam
1374 3481 1444 3568 epi-

314 3591 419 3680 scopi,
437 3612 513 3678 quae
529 3590 724 3656 extenditur
739 3591 826 3656 circa
843 3615 961 3660 omnes
974 3599 1168 3658 contractus
1183 3593 1309 3681 (quoad
1321 3617 1444 3660 causas

313 3707 413 3794 pias),
440 3713 494 3788 ut,
518 3705 547 3770 si
566 3705 655 3770 adsit
674 3704 785 3788 laesi0,
808 3729 866 3772 eos
886 3705 942 3772 vel
962 3705 1133 3772 rescindat
1157 3707 1213 3772 vel
1238 3707 1379 3772 reducat
1399 3709 1442 3772 ad

311 3821 552 3909 aqualitatem.
587 3817 636 3884 Ita
668 3841 786 3885 omnes
818 3821 974 3886 doctores
987 3823 1008 3902 ²,
1038 3828 1072 3886 et
1101 3821 1203 3885 etiam
1238 3821 1272 3886 S.
1312 3820 1440 3909 Congr.

342 4039 349 4072 ¹
367 4039 449 4104 Apud
465 4040 564 4089 Boncd.
581 4039 653 4100 xw,
669 4041 708 4090 De
722 4041 840 4106 synodo,
856 4039 903 4087 lib.
920 4040 953 4100 V,
969 4055 993 4088 c.
1007 4055 1036 4100 x,
1052 4055 1078 4088 n.
1092 4046 1115 4088 2.

340 4119 351 4154 ²
368 4119 400 4168 V.
424 4120 634 4182 g.,Monacelti,
653 4120 870 4179 famulantum,
889 4119 1008 4184 parsit,
1027 4121 1069 4170 tit.
1091 4135 1149 4181 arr,
1172 4119 1251 4169 form.
1277 4127 1318 4179 lo,
1339 4137 1365 4170 n.
1396 4127 1437 4175 17,

310 4199 416 4262 ftomae,
441 4205 511 4258 1706,
533 4205 551 4250 t.
572 4217 603 4260 n,
624 4217 650 4264 p.
672 4206 726 4260 257,
746 4207 774 4252 et
793 4205 813 4251 t.
838 4215 874 4260 ιν,
895 4200 984 4263 suppl.
1005 4201 1039 4248 ad
1062 4203 1081 4248 t.
1102 4215 1138 4258 u,
1159 4215 1185 4248 n.
1206 4203 1266 4254 466,
1287 4217 1314 4264 p.
1337 4205 1381 4260 a&
1405 4227 1438 4238 -

309 4277 407 4326 Bened.
427 4279 499 4338 XIV,
519 4281 555 4330 Dc
572 4281 689 4344 synodo,
710 4282 757 4332 lib.
779 4280 857 4341 x111,
878 4295 901 4329 c.
923 4279 982 4338 ult..
1004 4295 1029 4328 n.
1048 4285 1090 4338 26;
1109 4305 1139 4316 -
1159 4279 1265 4341 Lucidi,
1284 4282 1321 4329 De
1343 4281 1435 4330 uisita-
