3224 5044
392 491 435 540 DE
455 489 627 539 missenum
647 487 877 538 ELEEllOSYNlS
896 488 1107 539 MANUALIBUS
1260 486 1309 539 109

183 635 392 721 capellaniae,
411 633 513 719 lcqati
531 639 591 697 aut
613 632 746 716 salarii,
770 654 838 696 non
862 638 975 720 potest
995 631 1149 696 eamdem
1169 633 1307 697 missam

183 749 226 814 ad
252 748 353 812 aliam
380 747 622 828 intentionem,
648 769 709 834 pro
736 746 905 834 stipendio
935 755 1088 834 recepto,
1123 747 1303 834 applicare.

183 902 227 912 —
244 862 389 928 Constat
409 884 565 948 response
580 859 605 928 4
620 861 654 925 in
668 862 809 925 decretis
823 883 877 924 an.
898 860 995 942 1625,
1013 860 1105 948 quod
1120 861 1168 924 sic
1184 858 1303 926 habet:

186 1006 201 1036 n
231 976 446 1057 Sacerdotes,
486 974 609 1062 quihus
644 973 764 1039 diebus
795 981 954 1039 tenentur
984 975 1106 1040 missas
1137 973 1307 1039 celebrare

184 1089 314 1154 ratione
333 1089 496 1173 beneficii,
518 1111 578 1152 seu
596 1088 741 1173 capellae,
766 1088 866 1172 teqati
889 1093 948 1151 aut
965 1087 1094 1170 salarii,
1116 1087 1145 1152 si
1165 1087 1308 1152 eleemo-

184 1227 287 1291 synas
310 1225 371 1291 pre
399 1202 474 1267 aliis
500 1202 603 1266 etiam
623 1201 736 1266 missis
763 1201 972 1267 celebrandis
992 1201 1218 1289 susceperint,
1242 1225 1307 1266 nen

180 1341 276 1403 pesae
291 1318 406 1381 eadem
427 1317 526 1382 missa
553 1315 689 1402 utrique
709 1317 908 1402 obliqatieni
927 1316 1132 1401 satisfacere.
1158 1343 1174 1376 n
1200 1315 1305 1402 Ergo,

184 1431 213 1496 si
232 1431 389 1496 sacerdos
408 1430 538 1496 ratione
558 1429 714 1494 beneficii
733 1437 890 1495 teneatur
909 1430 1078 1518 applicare
1102 1453 1162 1519 pro
1182 1431 1308 1515 defun-

184 1547 256 1628 ctis,
279 1553 312 1609 et
332 1545 434 1610 missa
454 1544 534 1609 dato
554 1543 723 1634 stipendio
743 1543 934 1631 postuletur
956 1567 1017 1632 pre
1037 1545 1130 1628 vien,
1152 1544 1308 1610 sacerdos

183 1659 319 1746 utrique
357 1658 452 1722 oneri
488 1681 556 1722 una
594 1657 698 1722 missa
737 1657 931 1722 satisfacere
969 1657 1098 1746 nequit.
1148 1697 1189 1710 -
1228 1657 1307 1722 Haec

184 1771 320 1837 aliunde
340 1772 526 1860 propositio
546 1795 614 1836 non
635 1777 687 1836 est
710 1771 776 1835 nisi
795 1771 1010 1836 corollarium
1029 1771 1191 1837 doctrinae
1206 1795 1308 1859 supra

184 1887 236 1974 (n.
259 1886 333 1975 48)
359 1886 494 1975 positae,
517 1885 617 1974 juxta
645 1908 748 1973 quam
768 1891 819 1951 tot
839 1891 919 1950 sunt
942 1885 1152 1950 celebrandae
1175 1885 1304 1966 missae,

184 2006 268 2087 quet
295 2007 430 2087 recepta
457 1999 642 2086 stipendia3
671 1999 780 2063 missa
801 1999 891 2064 enim
915 1997 1028 2064 debita
1053 1999 1181 2063 ratione
1205 1997 1307 2064 bene-

183 2114 267 2195 ficii,
288 2112 495 2202 capellaniae,
522 2121 602 2194 etc,
628 2112 731 2178 habet
750 2137 849 2178 suum
869 2113 1076 2201 stipendium
1096 2113 1130 2177 in
1144 2112 1309 2178 reditibus

103 2221 107 2229 ’
184 2227 353 2310 beneficii,
376 2227 588 2314 capellaniae,
611 2233 677 2292 etc.
749 2314 751 2318 V

167 2429 170 2434 ¹
230 2441 296 2510 54.
312 2480 355 2489 -
369 2441 570 2518 Quaeritur
583 2437 673 2515 Quid
687 2441 877 2524 dicendum,
895 2441 1044 2527 quande,
1060 2441 1094 2505 in
1106 2442 1307 2526 fundatione

183 2555 335 2640 beneficii
361 2554 413 2618 ecl
427 2554 636 2640 capellaniae,
659 2555 693 2618 in
713 2555 948 2619 constitutione
973 2555 1074 2640 teqati
1093 2564 1153 2619 aut
1170 2556 1304 2639 salarii,

187 2669 378 2755 requiritur
396 2691 415 2732 a
434 2669 605 2732 sacerdote
620 2668 799 2733 celebratio
815 2675 949 2732 tantum
969 2669 1175 2732 missarum?

230 2785 262 2846 l⁰
288 2781 471 2847 Sciendum
495 2787 563 2862 est,
592 2787 670 2846 ante
695 2781 826 2862 emnia,
853 2781 1004 2862 fidelem,
1026 2781 1224 2847 ellerentem
1245 2783 1307 2848 ali-

185 2918 287 2983 quam
313 2895 564 2982 eleemesynam
596 2918 657 2983 pro
686 2895 807 2974 missa,
838 2917 938 2982 possa
969 2901 1083 2982 petere
1108 2901 1243 2959 tantum
1272 2905 1308 2960 ut

185 3009 284 3074 missa
299 3009 498 3093 celebretur,
521 3031 586 3072 nen
606 3031 683 3073 vere
700 3017 736 3073 ut
755 3009 821 3073 sihi
839 3009 1049 3094 applicetur:
1065 3007 1308 3096 quodquidam

185 3145 252 3187 nen
276 3122 567 3211 praesumendum,
596 3123 656 3188 scd
680 3129 794 3188 tamen
817 3121 890 3186 fieri
909 3127 1038 3210 petest,
1060 3146 1093 3187 v.
1116 3145 1165 3210 g.,
1199 3121 1234 3186 in
1254 3121 1307 3186 die

185 3235 368 3318 dominica,
396 3241 435 3300 ut
465 3235 595 3301 facilior
618 3236 664 3301 sit
693 3234 850 3300 fidelibus
879 3235 1007 3300 auditio
1033 3236 1162 3319 missae,
1190 3235 1225 3301 in
1253 3235 1308 3325 pia

184 3351 471 3438 peregrinatione,
494 3351 528 3415 in
549 3350 672 3416 sacello
696 3350 758 3414 tali
780 3350 836 3414 vel
860 3349 1062 3416 tali'sancto
1086 3351 1214 3434 dicate,
1240 3357 1305 3417 etc.

185 3465 305 3546 Perre,
332 3465 361 3528 si
387 3467 525 3530 omnine
550 3473 676 3529 constet
707 3463 842 3529 fidelem
866 3487 934 3529 non
958 3472 1072 3553 petere
1099 3466 1164 3530 nisi
1195 3465 1307 3530 missae

184 3578 457 3668 celebrationem,
479 3584 593 3667 potest
616 3577 773 3643 sacerdos
792 3577 880 3642 hanc
899 3578 1037 3642 missam
1059 3577 1227 3667 applicare
1247 3603 1308 3667 pro

185 3699 319 3782 recepte
344 3693 530 3781 stipendie;
558 3715 620 3756 nec
644 3690 710 3756 dici
733 3698 847 3779 potest
866 3715 944 3757 eum
964 3691 1090 3780 duplex
1109 3715 1169 3779 pre
1189 3692 1308 3758 eadem

185 3806 287 3872 missa
306 3807 455 3896 recipere
475 3805 698 3895 stipendium;
720 3828 799 3870 nam
823 3805 914 3894 prior
933 3806 1148 3892 eleemosyna
1167 3828 1236 3870 non
1256 3813 1309 3872 est

184 3919 322 4007 praecise
338 3919 546 4008 stipendium
563 3917 670 4007 (quod
690 3941 759 3984 nen
778 3919 866 3984 solet
884 3919 1030 4006 intelligi
1048 3919 1114 3984 nisi
1128 3943 1189 4008 pro
1205 3921 1308 3986 missa

185 4033 383 4123 applicata),
402 4033 461 4100 sed
477 4033 589 4122 potius
610 4033 747 4122 aliquod
766 4033 938 4115 salarium,
956 4041 995 4099 ut
1013 4033 1170 4099 sacerdos
1189 4034 1308 4100 subeat

184 4147 438 4212 incommodum
457 4147 518 4212 tali
537 4149 628 4230 loeo,
646 4147 701 4213 die
720 4154 754 4212 et
774 4147 855 4212 hora
874 4147 1096 4213 celebrandi¹.

217 4309 224 4342 ¹
241 4308 282 4358 lta
297 4309 330 4358 de
344 4309 431 4372 Lugo,
452 4310 487 4359 De
500 4311 669 4360 sacramente
686 4307 878 4368 Eucharistiae,
892 4309 961 4372 disp.
978 4308 1053 4370 xxi,
1070 4325 1095 4357 n.
1110 4314 1198 4359 21-24.
