3180 5024
319 471 374 524 202
806 471 849 522 DE
868 471 968 524 MISSA

320 618 473 698 decreto,
504 617 627 681 directe
657 615 891 696 nominantur,
923 623 957 681 et
988 617 1022 680 in
1053 617 1191 700 odiosis,
1225 618 1379 682 extensio
1411 617 1452 681 de

320 753 402 796 casu
428 729 471 794 ad
501 753 633 810 casum,
660 731 762 795 etiam
789 731 987 814 identicum,
1014 732 1086 796 fieri
1109 732 1245 819 nequit,
1274 753 1344 796 non
1371 755 1451 796 eou-

320 845 499 926 tradicnm,
522 845 602 910 licet
629 845 663 908 id
690 844 798 909 multo
825 845 938 910 minus
962 845 1137 933 probabile
1153 845 1361 912 existimem.

367 1082 461 1152 107.
475 1120 519 1130 -
533 1082 571 1146 B.
587 1081 624 1147 Si
639 1080 673 1144 hi
693 1080 902 1164 sacerdotes,
926 1081 1180 1169 ephemeridum
1199 1082 1449 1163 moderatores,

322 1198 417 1263 nullo
426 1217 570 1283 prorsus
587 1196 702 1278 modo,
718 1216 780 1260 nec
789 1196 929 1280 publico
946 1218 1008 1261 nec
1022 1197 1174 1282 privato,
1195 1197 1362 1282 colligant
1374 1197 1452 1260 mis-

321 1331 393 1392 sas,
409 1310 470 1374 sed
480 1315 612 1373 tantum
626 1307 809 1393 disponant
824 1308 865 1372 de
878 1308 991 1372 missis
1004 1331 1089 1396 quas
1102 1308 1185 1395 ipsis
1197 1308 1317 1373 fideles
1330 1315 1451 1395 sponte

320 1423 483 1502 ollerunt,
505 1430 539 1488 ct
558 1445 643 1509 quas
663 1421 727 1508 ipsi
746 1421 897 1486 vicissim
917 1421 1151 1487 sacerdotibus
1170 1423 1349 1488 associatis
1367 1445 1453 1508 pree-

320 1537 419 1620 bent,
441 1559 508 1602 non
528 1543 609 1601 sunt
628 1536 676 1601 rei
695 1537 905 1600 mercimonii
923 1536 1095 1624 prohibiti.
1114 1575 1157 1584 -
1176 1537 1287 1602 Nam:
1312 1535 1343 1600 l.
1364 1536 1453 1600 Mer-

320 1653 504 1717 eimonium
530 1650 739 1737 prohibitum
763 1659 898 1716 constat
923 1650 1056 1716 duobus
1076 1650 1207 1715 actibus
1227 1649 1450 1719 successivis.

321 1767 379 1855 qui
400 1773 505 1831 sunt:
527 1765 676 1830 collectio
696 1765 893 1847 missarum,
916 1771 950 1830 et
974 1765 1094 1830 harum
1112 1765 1294 1830 missarum
1315 1764 1453 1828 traditio

323 1882 409 1947 lecta
440 1878 686 1959 sacerdotibus,
718 1865 910 1966 permutato
941 1879 1111 1966 stipendio
1142 1901 1219 1944 cum
1252 1877 1451 1944 mercibus:

320 1997 413 2084 quod
435 1995 573 2061 omnino
593 1999 726 2058 constat
750 2016 792 2058 cx
817 2001 962 2081 utroque
988 1993 1141 2075 decreto,
1163 1994 1205 2057 ad
1230 1995 1264 2074 l,
1293 1999 1328 2057 et
1355 1992 1398 2056 ad
1419 1991 1450 2057 3.

322 2111 427 2176 Porro
454 2108 663 2188 sacerdotes,
692 2107 923 2172 moderatores
954 2107 1224 2194 ephemeridum,
1256 2106 1299 2170 de
1327 2105 1453 2193 quibus

223 2211 228 2220 ’
321 2223 468 2309 egimus,
491 2227 624 2309 ponunt
643 2221 780 2307 quidem
804 2227 918 2286 actum
942 2222 1145 2304 secundum,
1168 2243 1236 2285 non
1261 2243 1343 2285 vero
1364 2221 1453 2306 prio-

320 2356 408 2415 rem;
431 2334 610 2399 nonenim
636 2335 803 2420 cottipunt
828 2335 966 2414 missas;
989 2335 1055 2399 nisi
1081 2335 1223 2400 miscere
1249 2341 1283 2399 et
1308 2333 1452 2399 conlun-

320 2451 398 2514 dere
423 2448 526 2528 veliS,
553 2457 671 2513 contra
700 2447 837 2512 obvium
863 2471 1002 2513 sensum
1022 2457 1056 2514 et
1080 2471 1296 2514 communem
1317 2447 1450 2512 intelle-

320 2571 430 2646 ctum,
463 2563 533 2628 haec
567 2563 650 2644 duo,
686 2585 808 2650 nempe
846 2564 1003 2649 collipere
1036 2564 1176 2644 missas3
1215 2571 1249 2629 et
1280 2572 1450 2648 acceptare

320 2679 458 2760 missas,
481 2685 603 2765 sponte
622 2676 766 2743 oblatas.
783 2677 936 2743 -Licet
955 2679 1026 2742 haec
1041 2678 1300 2758 demonstratio,
1315 2699 1357 2742 ex
1377 2677 1448 2763 ipso

320 2801 417 2859 textu
436 2793 627 2879 desumpta,
643 2792 732 2856 clera
752 2791 796 2856 sit
811 2800 845 2858 et
858 2793 1097 2879 peremptoria,
1115 2791 1199 2857 libet
1212 2791 1298 2857 alias
1313 2789 1445 2855 addere.

320 2947 363 2958 -
383 2909 414 2973 2.
439 2907 516 2996 lpse
538 2907 573 2975 S.
596 2906 823 2994 Congregatio
851 2905 970 2990 Cone,
993 2929 1048 2972 an.
1081 2906 1182 2987 1875,
1205 2906 1326 2970 eodem
1350 2903 1447 2968 modo

320 3023 541 3108 interpretata
579 3027 631 3084 est
667 3021 840 3085 decretum
879 3043 934 3085 an.
977 3019 1074 3086 1874.
1116 3020 1215 3085 Edito
1257 3019 1349 3084 enim
1387 3017 1446 3082 hnc

319 3135 466 3215 decret0,
499 3134 678 3221 episcopus
719 3133 1043 3200 Calatanisiadensis
1076 3133 1148 3199 heco
1186 3135 1253 3216 duo
1296 3132 1339 3198 ab
1377 3131 1446 3218 ipsa

321 3248 444 3332 Congr.
474 3249 656 3334 quaesivit:
688 3275 703 3308 a
733 3247 759 3316 l.
782 3249 838 3312 An
867 3248 985 3314 illicite
1011 3257 1116 3337 agant
1141 3249 1164 3314 ii
1186 3249 1260 3337 qui,
1283 3271 1362 3313 cum
1381 3267 1445 3310 non

320 3361 389 3426 sint
413 3359 621 3448 bibliopolec,
645 3385 706 3428 nec
732 3370 935 3428 mercatores
962 3363 1018 3428 vel
1040 3363 1137 3428 aliter
1162 3363 1343 3427 missarum
1363 3359 1445 3425 celc-

320 3473 523 3540 brendarum
555 3477 767 3564 quecsitorcS,
801 3499 918 3542 verum
950 3477 1170 3542 ecelesiastici
1208 3476 1289 3556 viri,
1326 3473 1445 3562 quibus

320 3595 474 3678 spontee
493 3591 650 3657 fidelibus
665 3591 889 3678 eleemosynec
910 3591 1091 3655 missarum
1111 3591 1304 3669 traduntur,
1323 3589 1444 3677 quique

320 3703 362 3768 ad
388 3703 495 3770 bonos
521 3705 625 3770 libros
651 3704 706 3768 vel
732 3705 837 3769 diaria
862 3705 1020 3791 religiosa
1046 3704 1256 3791 evulganda,
1279 3727 1338 3769 eas
1360 3702 1445 3768 cele-

319 3817 466 3886 brandas
485 3819 629 3884 offerunt
649 3817 897 3901 sacerdotibus,
915 3825 954 3884 ut
972 3818 1051 3883 inde
1071 3818 1105 3882 hi
1125 3818 1306 3905 accipiant,
1323 3819 1445 3904 stipen-

319 3935 367 4001 dii
390 3936 479 4015 loeo,
505 3933 610 3998 libros
634 3933 690 3998 vel
714 3933 969 4021 ephemerides?
992 3975 1035 3984 —
1060 3935 1104 4000 ll.
1126 3935 1183 3999 An
1207 3935 1324 4000 illicite
1345 3943 1443 4022 agant

321 4047 512 4138 hujusmodi
543 4047 754 4129 sacerdoteS,
786 4049 843 4137 qui
873 4049 928 4114 vel
959 4050 1007 4114 eis
1035 4049 1168 4116 oblatas
1197 4073 1216 4114 a
1243 4049 1445 4136 supradictis

321 4161 556 4227 ecclesiasticis
582 4162 704 4228 missas
729 4170 922 4254 acceptant,
952 4163 1007 4228 vel
1037 4163 1103 4252 ipsi
1132 4186 1190 4228 eas
1213 4169 1336 4250 petunt
1360 4163 1445 4229 cele-

321 4275 478 4357 brandas,
501 4284 539 4341 ut
554 4275 632 4340 inde
652 4285 794 4364 queant,
816 4301 878 4365 pro
898 4278 1013 4342 missis
1024 4278 1096 4366 jam
1116 4277 1307 4358 celebratiS,
1331 4299 1446 4343 earum
