3180 5024
399 538 444 588 DE
463 537 625 590 cussonis
644 539 757 590 SACRAE
777 539 1007 591 EUCHARIS’HAE
1213 537 1261 588 271

133 680 239 741 adbuc
258 681 374 740 saeculo
389 702 423 756 x,
440 689 475 741 ut
490 689 576 762 patet
590 703 628 742 ex
649 681 720 743 Vita
735 684 826 742 Lucae
842 681 992 764 junioris,
1010 684 1041 742 in
1057 705 1117 763 qua
1133 683 1264 762 legimus

134 787 317 867 episcopum
340 786 575 848 Corinthiorum
598 786 778 862 docentem,
806 788 897 869 juxta
924 788 1164 849 consuetudines
1190 797 1264 850 tunc

136 892 296 971 vigenteS,
313 891 472 971 quomodo
492 891 625 952 debcant
644 893 789 952 monachi
813 893 843 952 in
870 893 955 954 collis
980 915 1097 954 sacram
1118 893 1264 954 Euchari-

135 998 227 1056 stiam
243 1017 417 1071 asservare,
436 1018 582 1078 eamque,
599 998 691 1058 ctiam
707 997 871 1058 deficiente
886 999 1063 1074 sacerdote,
1081 999 1235 1060 sumere¹.

176 1103 209 1160 3⁰
225 1101 261 1160 In
278 1101 443 1182 Hispania,
460 1102 624 1162 anathema
645 1103 741 1162 latum
762 1112 809 1163 est
828 1111 936 1164 contra
957 1125 1010 1164 eos
1032 1104 1085 1186 qui
1106 1111 1266 1186 acceptam

135 1226 155 1266 a
176 1204 338 1272 sacerdote
357 1225 482 1266 sacram
502 1205 740 1267 Eucharistiam
766 1207 799 1268 in
818 1207 950 1269 ecclesia
976 1229 1037 1268 non
1059 1208 1263 1290 sumpserint.

137 1311 184 1370 lta
206 1331 294 1371 conc.
320 1311 650 1390 Caesaraugustanum,
672 1333 722 1372 an.
749 1313 824 1384 381,
849 1334 876 1372 c.
898 1331 947 1388 ¹¹13
969 1349 1008 1358 -
1027 1335 1117 1374 conc.
1143 1314 1265 1374 Toleta-

137 1435 212 1475 num
229 1415 258 1486 l,
275 1436 324 1475 an.
338 1416 412 1488 398,
430 1435 456 1475 c.
474 1414 556 1475 x1v².
573 1415 685 1475 Verum
706 1415 772 1476 hane
792 1425 858 1477 erat
875 1419 995 1478 cautela
1015 1427 1123 1478 contra
1144 1418 1266 1479 Priscil-

136 1520 277 1580 lianistas
292 1521 362 1600 qui,
380 1541 417 1579 ne
437 1528 682 1598 agnoscerentur
701 1528 735 1580 ut
754 1521 909 1597 haeretici,
925 1523 1149 1584 catholicorum
1170 1525 1267 1584 eccle-

139 1626 200 1684 sias
231 1625 487 1706 frequentabant,
519 1625 572 1686 sed
600 1645 718 1686 sacram
743 1627 987 1703 Eucharistiam,
1015 1651 1109 1710 quam
1136 1630 1267 1710 accipie-

138 1729 225 1805 bant,
243 1751 299 1790 nec
313 1729 367 1804 ibi,
385 1751 441 1790 nec
455 1729 529 1790 alibi
545 1731 771 1791 consumebant
781 1732 803 1792 ³.
821 1733 910 1792 Unde
924 1753 961 1793 ex
975 1733 1034 1794 hoc
1050 1755 1112 1794 non
1126 1735 1267 1816 sequitur

141 1855 204 1896 non
225 1835 359 1914 viguisse
384 1836 415 1894 in
438 1835 587 1916 Hispania
607 1837 866 1897 consuetudinem
885 1837 986 1912 illam,
1009 1839 1047 1899 de
1067 1860 1128 1920 qua
1148 1839 1265 1900 dictum

138 1947 202 2015 est,
226 1940 431 2002 conservandi
456 1948 487 2000 et
512 1941 653 2002 sumendi
674 1963 793 2002 sacram
815 1942 1042 2004 Eucharistiam
1066 1944 1098 2003 in
1123 1943 1267 2004 domibus

140 2045 280 2124 privatis.
296 2081 337 2090 -
358 2045 417 2105 Hic
436 2053 541 2106 autem
562 2067 636 2106 usus
656 2046 800 2106 servandi
822 2047 1048 2108 Eucharistiam
1069 2048 1101 2108 in
1122 2047 1266 2108 domibus

137 2149 267 2231 privatis
291 2171 307 2210 a
333 2151 426 2230 longo
453 2159 592 2231 tempore
617 2151 732 2232 ubique
756 2152 786 2210 in
812 2151 1050 2213 desuetudinem
1075 2153 1181 2234 lapsus
1203 2159 1264 2225 cst,

138 2255 202 2315 imo
216 2255 344 2316 vetitus

180 2458 264 2522 144.
280 2495 319 2503 —
333 2459 559 2522 Eucharistia
572 2461 770 2539 antiquitus
783 2468 966 2524 asservata
980 2462 1019 2523 in
1032 2462 1205 2526 ecelesiis.

182 2568 212 2622 1⁰
232 2563 392 2624 Prioribus
415 2564 560 2624 Ecclesiae
589 2565 710 2625 saeculis
735 2565 831 2626 etiam
856 2565 888 2625 in
915 2565 1055 2626 ecclesiis
1084 2567 1267 2629 servabatur

139 2689 227 2729 sacra
242 2669 446 2730 Eucharistia.
459 2669 643 2730 -Constat
658 2670 844 2730 testimoniis
855 2691 925 2752 quae
939 2680 1129 2751 sequuntur:
1150 2675 1175 2732 l.
1192 2672 1266 2732 Dio·

140 2775 262 2855 nysius,
284 2775 448 2855 episcopus
468 2774 713 2848 Alexandrinae,
730 2775 762 2834 in
784 2775 914 2855 epistola
935 2775 972 2834 ad
996 2775 1182 2850 Fabianum,
1204 2777 1266 2856 epi-

139 2899 269 2960 scopum
299 2879 492 2952 Romanum,
526 2887 630 2940 narrat
656 2879 832 2960 quomodo,
860 2899 932 2939 sene
961 2879 1113 2959 quodam,
1142 2881 1266 2940 nomine

140 2985 325 3065 Serapione,
341 2985 373 3044 in
394 2985 503 3045 mortis
518 2985 650 3045 articulo
665 2986 854 3058 constituto,
872 3005 950 3065 puer
964 2985 1153 3057 cucurrerit,
1169 2973 1265 3066 quum

136 3089 201 3170 jam
219 3111 280 3150 nox
295 3097 377 3165 erat,
393 3090 431 3150 ad
452 3090 686 3170 presbyterum
703 3090 756 3170 qui
776 3109 871 3170 quum
892 3097 1072 3169 aegrotaret,
1092 3117 1105 3144 ιι
1123 3090 1265 3169 exiguam

140 3194 342 3255 Eucharistiae
358 3203 477 3276 partem
494 3215 591 3276 puero
607 3194 750 3270 tradidit,
765 3195 881 3276 jubens
902 3202 936 3255 ut
953 3196 984 3254 in
1004 3216 1083 3276 aqua
1103 3195 1265 3256 intinctam

140 3301 206 3359 seni
225 3301 258 3360 in
279 3321 313 3360 os
334 3300 517 3374 instillaret,
538 3327 551 3355 ιι
572 3301 656 3382 quod
677 3308 709 3360 et
728 3301 844 3360 sactum
865 3301 952 3374 est⁴3
969 3301 1053 3382 quod
1073 3301 1267 3361 domonstrat

139 3406 171 3464 in
191 3405 344 3481 ecclesiis,
361 3414 416 3466 aut
434 3406 543 3466 saltem
564 3405 595 3464 in
615 3405 710 3466 domo
729 3405 918 3487 presbyteri,
936 3415 1151 3468 conservatam
1172 3405 1266 3466 tuisse

139 3530 259 3571 sacram
276 3511 500 3572 Eucharistiam
517 3519 645 3592 propter
659 3511 816 3584 infirmos3
833 3511 907 3585 imo,
924 3519 960 3570 ut
973 3511 1088 3570 ibidem
1110 3519 1264 3586 narratur,

139 3615 223 3676 idem
252 3617 422 3698 Dionysius
447 3616 584 3697 jusserat
608 3624 643 3676 ut
666 3615 859 3675 moribundis
886 3615 1064 3696 potentibus
1095 3637 1264 3697 numquam

140 3741 226 3782 sacra
242 3721 435 3782 Eucharistia
457 3721 679 3800 denegaretur3
709 3719 792 3802 quod
815 3720 890 3780 item
914 3721 1064 3801 supponit
1085 3740 1175 3780 usum
1198 3741 1264 3781 eam

140 3825 318 3886 asservandi
339 3826 454 3886 sivein
475 3825 628 3900 ecclesiis,
650 3825 714 3884 sive
735 3845 830 3905 penes
850 3825 951 3906 ipsum
972 3824 1208 3905 presbyterum
1224 3861 1264 3868 —

173 4027 181 4060 ¹
198 4027 332 4091 Excerpta
347 4027 408 4076 vitae
423 4028 501 4076 Lucae
513 4025 651 4084 iunioris,
665 4027 737 4090 opud
750 4025 898 4084 Combosss,
914 4025 1075 4074 Auctarium
1093 4024 1267 4075 Bibliothecae

142 4108 268 4165 Petrum,
283 4107 405 4166 Parisiis,
420 4111 494 4166 tots,
511 4110 531 4156 t.
545 4123 575 4165 n,
592 4121 619 4170 p.
636 4111 690 4155 986.

172 4187 183 4221 ²
200 4187 300 4246 Bruns,
318 4189 408 4246 Cone„
425 4189 444 4236 t.
459 4203 490 4246 ιι,
506 4203 532 4250 p.
550 4191 592 4246 t³;
608 4190 626 4236 t.
644 4202 664 4244 ι,
681 4201 707 4249 p.
724 4191 778 4234 205.

172 4267 183 4301 ²
200 4267 239 4315 Ct'.
254 4267 389 4326 Martbne,
406 4267 455 4316 loc.
472 4267 528 4326 cit,
544 4270 594 4315 art.
612 4271 638 4326 t,
655 4281 680 4315 n.
697 4271 724 4326 5,
740 4281 767 4328 p.
783 4269 838 4314 250.

172 4347 183 4379 ⁴
200 4347 346 4404 Eusebius,
362 4347 394 4395 H.
411 4347 451 4403 E..
465 4347 513 4396 lib.
531 4346 581 4406 vl,
596 4362 620 4395 c.
635 4359 708 4407 m.rv;
728 4345 833 4409 migne,
850 4345 878 4394 Ρ.
896 4345 936 4404 (ἕ,
953 4349 973 4395 t.
987 4361 1033 4404 xx,
1049 4345 1101 4394 col.
1117 4350 1172 4394 6³0.
