3180 5024
456 438 500 488 DE
518 437 679 489 cusroum
699 436 812 511 SMJRAE
831 435 1060 494 Eucnlntsnn
1267 437 1315 490 281
1389 413 1393 418 Ι

748 499 770 555 9

237 581 273 645 2⁰
292 581 437 647 Ratione
451 580 645 668 hujusmodi
659 579 925 663 consuetudinis,
944 587 1137 647 asservatur
1152 581 1241 669 apud
1257 604 1321 647 nos

192 695 446 766 sanctissimum
466 695 723 761 Sacramentum
743 694 777 758 in
797 693 949 760 ecclesiis
972 701 1031 761 aut
1050 695 1205 760 oratoriis
1224 695 1319 783 prin-

192 808 359 897 cipalibus
379 808 614 895 hospitalium,
636 807 904 890 seminariorum,
922 808 1204 875 communitatum
1223 816 1320 875 voto·

190 943 267 988 rum
300 921 522 1008 simplicium,
553 929 618 987 etc.
648 921 754 1008 Cujus
782 921 919 1009 quidem
948 923 1203 988 consuetudinis
1234 923 1321 989 ratic

192 1041 260 1117 est,
276 1035 367 1124 quod
386 1034 572 1122 saepissime
591 1034 682 1123 apud
700 1057 763 1100 nos
778 1035 971 1122 hujusmodi
986 1035 1142 1102 instituta
1162 1045 1320 1124 exempta

192 1156 274 1215 sunt
301 1172 321 1214 a
342 1149 577 1238 jurisdictione
603 1149 757 1236 parochi,
789 1149 910 1215 saltem
939 1173 999 1237 pro
1026 1150 1320 1217 administratione

193 1269 498 1344 sacramentorum
516 1286 615 1351 porro
635 1264 687 1328 hee
702 1263 963 1330 communitates
983 1263 1107 1330 habere
1121 1272 1266 1352 possunt
1286 1271 1320 1330 et

191 1377 319 1444 hahent
349 1400 429 1443 suos
457 1377 624 1459 infirmos,
646 1400 707 1465 pro
732 1376 855 1466 quibus
879 1378 1019 1466 proinde
1046 1359 1249 1444 reservanda
1268 1385 1320 1444 cst

192 1515 288 1558 sacra
304 1491 526 1558 Eucharistia.

239 1607 274 1673 3ο
299 1605 533 1672 Communiter
563 1605 745 1694 requiritur
778 1607 989 1672 consuetudo
1018 1606 1298 1673 immemorabilis
1306 1625 1321 1688 ,·

193 1719 298 1807 quaeri
327 1725 442 1806 potest
474 1742 556 1787 num
576 1718 735 1785 sufficiat
763 1721 972 1786 consuetudo
1003 1721 1189 1787 ordinaria.
1218 1721 1319 1787 Certo

77 1841 82 1850 '
192 1856 261 1898 non
281 1832 406 1898 sufficit
429 1856 490 1919 pro
514 1833 658 1898 ecclesiis
685 1834 1026 1918 confraternitatum,
1048 1840 1087 1899 ut
1106 1839 1240 1898 constat
1259 1833 1317 1899 cit.

193 1949 338 2014 Decretc
365 1947 400 2013 S.
430 1947 571 2012 Rituum
591 1945 732 2034 Congu,
754 1969 808 2014 an.
833 1948 935 2028 1703;
964 1970 1026 2034 pro
1053 1947 1129 2012 aliis
1148 1947 1318 2028 ecclesiis,

125 2135 129 2142 ,
193 2061 382 2127 notandum
415 2068 467 2127 est
500 2061 674 2127 decretum
705 2061 740 2126 S.
768 2059 893 2150 Congr.
922 2061 984 2148 Ep.
1011 2067 1045 2127 et
1068 2061 1229 2148 Reg.,13
1250 2066 1317 2126 oct.

195 2176 281 2243 1620
295 2179 316 2255 ¹,
339 2177 373 2240 in
393 2199 460 2264 quc
480 2175 628 2244 dicitur:
653 2203 668 2236 u
686 2176 947 2242 Sanctissimum
967 2175 1188 2242 Eucharistiae
1208 2197 1320 2241 sacra-

193 2295 348 2355 mentum
372 2290 616 2355 asservandum
643 2297 792 2361 estune
813 2295 945 2355 tantum
972 2291 1007 2354 in
1033 2289 1108 2355 loco
1128 2290 1320 2378 cujuscum-

192 2425 259 2492 que
279 2404 430 2469 ecclesiae
455 2403 490 2467 in
515 2427 581 2492 qua
600 2403 762 2470 custodiri
786 2403 903 2485 dehet,
929 2411 1044 2492 potest
1055 2408 1077 2486 ²,
1100 2411 1158 2469 aut
1181 2405 1276 2469 solet.
1301 2431 1317 2464 u

192 2518 325 2584 Revera
353 2517 420 2606 legi
449 2519 551 2582 ctiam
577 2519 710 2604 scripte
743 2515 925 2605 derogatur
950 2541 1010 2605 per
1040 2517 1320 2584 consuetudinem

193 2632 413 2710 ordinariam;
449 2655 468 2696 a
502 2631 647 2714 fortiori,
683 2632 818 2719 quando
855 2631 968 2718 agitur
1000 2632 1041 2696 de
1080 2633 1155 2719 lege
1185 2638 1319 2697 tantum

193 2747 506 2824 consuetudinaria;
530 2747 617 2811 hanc
635 2735 749 2811 tamen
769 2745 991 2810 assertionem
1015 2745 1213 2833 peritiorum
1229 2745 1320 2833 judi-

193 2861 245 2926 cio
265 2859 441 2926 submitto.
464 2899 508 2908 -
528 2860 723 2948 Aliquando
748 2859 957 2924 consuetudo
981 2882 1051 2923 non
1076 2859 1189 2924 omnia
1209 2859 1319 2947 requi-

193 2974 258 3040 sita
277 2974 379 3041 hahet
399 2981 435 3040 ut
455 2975 499 3040 sit
517 2974 686 3062 legitima,
708 2981 742 3040 et
761 2981 842 3039 tunc
862 2973 1012 3060 rejicitur
1030 2996 1049 3038 a
1068 2973 1104 3039 S.
1127 2973 1321 3060 Congrege-

192 3087 354 3155 tionibus.
378 3089 432 3155 Sic
451 3089 487 3155 S.
510 3087 635 3174 Congr.
658 3088 811 3174 Negotiis
831 3088 913 3154 eccl.
940 3087 1217 3154 extraordinariis
1236 3111 1321 3176 prac-

193 3203 319 3292 posita,
342 3203 467 3268 adhoc
492 3203 697 3290 quaesitum:
721 3229 737 3262 «ι
758 3201 880 3270 Utrum
904 3202 1057 3291 legitima
1077 3201 1192 3268 haberi
1211 3201 1322 3292 possit

193 3318 404 3383 consuetudo
423 3317 458 3382 in
482 3315 636 3406 pluribus
655 3315 821 3382 Americac
844 3317 958 3382 latinae
977 3316 1181 3384 dioecesibus
1199 3317 1321 3404 vigens

193 3431 406 3512 asservandi,
429 3431 557 3519 absque
577 3431 717 3519 speciali
735 3431 914 3519 privilegio
938 3455 998 3497 seu
1024 3431 1156 3497 indulto
1183 3437 1320 3518 aposto-

192 3545 275 3626 lice,
298 3546 552 3612 sanctissimum
568 3545 824 3612 Sacramentum
839 3546 874 3609 in
894 3545 1046 3611 ecclesiis
1061 3568 1137 3632 quae
1156 3567 1224 3610 non
1241 3549 1321 3610 sunt

192 3658 405 3747 parochiales
419 3666 478 3726 aut
492 3659 589 3748 quasi
607 3657 857 3748 parochiales...
877 3659 920 3724 Et
935 3659 1018 3746 quid
1035 3658 1076 3724 de
1091 3657 1320 3724 asservatione

194 3773 403 3840 sanctissimi
429 3773 640 3840 Sacramenti
675 3773 709 3837 in
743 3772 894 3838 ecclesiis
927 3779 961 3838 ct
989 3771 1145 3838 oratoriis
1171 3771 1321 3836 virorum

194 3886 250 3954 vel
268 3909 421 3954 sororum
441 3893 522 3953 vota
541 3885 707 3976 simplicia
725 3893 859 3952 tantum
879 3886 1122 3970 emittentium,
1144 3883 1320 3974 inquibus

194 3999 369 4090 hucusque
406 4001 660 4067 sanctissimum
701 4001 957 4068 Sacramentum
1000 4007 1211 4066 asservatum
1258 3997 1322 4064 luit

227 4164 236 4198 ¹
255 4163 333 4221 Quod
344 4164 405 4214 vide
420 4165 492 4228 apud
507 4163 638 4215 Cevalicri
653 4168 681 4214 et
696 4163 811 4224 Giraldi,
830 4163 878 4213 loc.
894 4163 939 4212 cit.

227 4243 239 4278 ²
255 4243 372 4307 Nempe,
388 4243 415 4292 vi
431 4243 540 4294 indulti.
