3224 5044
259 473 309 529 ΒΕ
322 477 591 529 TRANSMISSIONE
609 479 651 528 ET
670 477 894 530 COLLECTIONE
914 476 1207 530 ELEEMOSYNARUM
1247 475 1296 562 185

169 627 289 688 curant
307 643 368 709 per
386 621 579 688 sacerdotes
598 622 766 709 parochiae
786 621 955 726 addiclos‚
978 630 1012 687 et
1036 621 1071 686 in
1091 643 1170 686 casu
1189 621 1296 709 impe·
1365 661 1369 668 ·
1397 631 1399 634 ’

168 735 328 816 dimenti,
350 757 410 822 per
433 735 537 816 alica,
559 735 660 822 juxta
680 734 815 822 regulas
834 757 936 822 supra
955 734 1142 823 expositas,
1164 757 1198 798 n.
1222 733 1294 812 65;
1463 715 1471 726 ¹

167 847 259 938 quod
279 849 308 914 si
327 847 535 936 stipendium
554 847 674 914 harum
694 849 875 914 missarum
895 849 940 914 sit
959 848 1061 914 solito
1081 847 1209 935 majus,
1231 847 1296 912 boc

166 961 386 1029 tribuendum
415 968 467 1027 est
495 963 683 1051 prudentiae
716 961 987 1044 benefactorum,
1023 963 1081 1050 qui
1119 961 1296 1027 consulere

166 1076 350 1143 voluerunt
373 1083 446 1142 tum
472 1077 613 1142 faciliori
637 1084 671 1142 et
695 1077 830 1142 certiori
854 1077 1072 1143 celebrationi
1097 1077 1292 1156 missarum,

166 1197 241 1255 tum
268 1189 390 1257 futurae
414 1189 581 1256 bonorum
609 1190 852 1257 imminutioni.
879 1191 935 1257 Sic
963 1191 1066 1256 etiam
1091 1191 1127 1254 in
1157 1189 1295 1255 dioecesi

168 1301 1292 1392 Coloniensi¹;undeS.Congr.C0nc.‚inColonien.,25juliil8'll‚

165 1417 209 1482 ad
230 1417 265 1499 l,
286 1417 462 1505 respondit
484 1436 492 1484 τ
515 1444 531 1479 «
551 1419 728 1503 Inteqram
747 1418 993 1504 eleemosynam
1012 1441 1031 1483 a
1050 1419 1206 1483 Paroclro
1226 1405 1294 1482 eol—

166 1533 308 1597 vendam
333 1553 400 1596 esre
422 1555 484 1620 pro
509 1532 623 1596 missis
642 1532 715 1598 sive
735 1532 848 1615 lectis,
871 1533 943 1598 siv'e
968 1533 1147 1599 cantatis¹,
1173 1559 1188 1594 a
1211 1529 1295 1610 Quae

165 1645 340 1734 responsio
361 1645 562 1733 applicanda
582 1653 635 1711 est
653 1646 779 1712 nostris
794 1645 1001 1734 regionibus.

212 1848 280 1918 96.
294 1887 338 1898 -
351 1849 551 1926 Quaeritur
567 1850 605 1918 1⁰
618 1851 655 1914 N
656 1874 713 1916 um
728 1851 823 1916 liceat
834 1851 1012 1934 sacerdoti,
1028 1851 1090 1938 qui
1102 1851 1295 1916 commissas

166 1963 200 2029 in
221 1985 287 2028 una
308 1963 443 2048 reqione
463 1963 580 2029 missas
600 1966 634 2030 in
654 1965 721 2030 alia
743 1965 881 2051 'repiene
900 1965 1069 2036 celebrare
1090 1965 1192 2048 facit,
1212 1965 1294 2029 dare

163 2077 303 2164 quidem
328 2088 499 2162 receptum
517 2079 740 2166 stipendium,
762 2080 820 2143 sed
839 2079 982 2143 retinere
1000 2083 1129 2163 soenus,
1156 2101 1197 2143 er
1212 2096 1294 2164 per-

166 2191 352 2256 mutatione
361 2191 512 2277 pecuniae
532 2195 672 2258 ortum?

209 2305 307 2391 Hesp.
330 2326 343 2370 .·
367 2305 545 2394 Negative.
574 2307 636 2372 Hic
665 2308 790 2395 quippe
814 2329 913 2372 casus
934 2315 1015 2374 est:
1043 2307 1150 2372 Titius
1174 2307 1294 2394 recipit

164 2425 302 2484 centum
328 2418 462 2485 libellas
485 2442 604 2486 aureas
630 2420 771 2507 gallicas
794 2443 855 2508 pro
884 2420 1096 2486 celebrandis
1125 2421 1293 2509 quinqua-

164 2533 260 2622 ginta
279 2533 410 2616 missis3
432 2541 566 2622 postea,
589 2535 623 2598 in
644 2533 778 2600 ltaliam
797 2557 959 2622 pergens,
981 2541 1112 2600 mutata
1133 2535 1291 2623 pecunia,

164 2647 285 2735 recipit
308 2654 445 2713 centum
465 2655 497 2713 et
521 2647 638 2713 decem
662 2647 796 2713 libellas
821 2647 967 2728 italicas3
995 2647 1052 2712 dat
1076 2670 1156 2734 ergo
1177 2670 1219 2712 ex
1239 2647 1293 2712 his

163 2767 303 2826 centum
326 2760 459 2826 libellas
482 2785 543 2850 pro
568 2761 680 2828 missis
705 2761 969 2850 quinquaginta,
1001 2767 1036 2826 et
1063 2761 1184 2848 quaerit
1210 2784 1292 2826 num

165 2875 283 2940 decem
307 2874 391 2950 alias
414 2877 558 2942 retinere
582 2877 701 2965 possit.
726 2876 830 2940 Porro
857 2875 996 2939 omnino
1016 2873 1292 2962 respondendum

166 2989 336 3074 negativa·
350 3011 445 3072 nam,
462 2989 497 3053 vi
516 2989 728 3056 decretorum
746 3010 789 3053 an
810 2987 895 3054 1625
917 2986 1049 3074 (supra,
1073 3007 1106 3051 n.
1130 2985 1216 3068 93),
1234 2985 1293 3074 qui

164 3101 304 3168 missam
328 3102 384 3168 alii
410 3102 648 3169 celebrandam
672 3101 869 3184 committit,
899 3101 1000 3166 debet
1025 3099 1178 3164 absolute
1210 3100 1293 3164 inte·

163 3237 265 3302 yram
288 3217 532 3304 eleemosynam
556 3215 790 3298 tradere‚=nec
815 3217 922 3282 ullam
941 3222 1078 3302 partem
1098 3214 1190 3280 illius
1216 3215 1293 3280 reti-

165 3351 244 3395 nere
261 3337 385 3418 potest.
410 3331 527 3414 Porro,
550 3331 584 3396 in
603 3354 695 3414 casu,
711 3337 849 3420 accepta
864 3330 1080 3417 eleemosyna
1093 3335 1144 3394 est
1158 3336 1292 3394 centum

166 3443 362 3510 libellarem
381 3467 564 3511 aurearum
574 3446 799 3532 pellicearum·
818 3468 898 3532 ergo
915 3445 977 3509 has
997 3443 1146 3531 integras
1160 3443 1293 3508 tradere

164 3563 316 3641 tenetur,
339 3582 415 3640 seu,
444 3583 519 3648 quae
539 3560 588 3626 eis
607 3561 829 3649 aeqnivalent‚
852 3565 988 3624 centum
1008 3565 1042 3623 et
1060 3555 1178 3621 decem
1197 3555 1293 3621 libel·
1361 3605 1362 3608 η

164 3671 217 3738 las
241 3671 383 3740 italicas.
412 3673 455 3739 Et
478 3675 513 3739 in
532 3675 596 3739 boe
620 3697 740 3755 sensu,
763 3679 879 3739 contra
908 3670 1189 3736 consuetudinem
1214 3691 1294 3734 eon-

164 3785 304 3852 trariam
317 3786 351 3851 in
363 3786 527 3875 Hispania
537 3787 679 3876 gliscere
687 3788 916 3876 incipientem,
928 3783 1102 3871 respondit
1116 3783 1150 3849 S.
1164 3784 1289 3870 Congr.

167 3899 288 3984 Cone„
310 3900 364 3966 dic
384 3900 422 3965 21
447 3923 526 3968 nov.
551 3901 636 3968 1898
647 3903 669 3967 ³.

198 4063 207 4098 ¹
226 4063 295 4112 Vide
310 4061 479 4113 Relationem
488 4063 685 4126 archiepiscopi
696 4063 876 4123 Coloniensis;
889 4064 955 4113 Aeta
965 4063 990 4113 S.
1001 4062 1089 4120 Sedis,
1108 4066 1126 4112 t.
1143 4077 1202 4120 vm,
1218 4077 1243 4124 p.
1254 4067 1291 4110 7:⁸1.

198 4145 210 4179 ¹
225 4144 294 4192 Aeta
307 4143 333 4192 S.
348 4143 439 4202 Sedis,
455 4145 475 4192 t.
492 4158 550 4202 vm,
567 4159 594 4206 p.
614 4147 657 4202 8·t;
675 4143 733 4192 haec
746 4145 886 4207 responsio
898 4143 1076 4193 confirmabat
1088 4143 1293 4206 responsionem

161 4226 220 4290 jam
236 4223 327 4274 domm
342 4227 372 4272 18
381 4223 442 4286 julii
457 4227 531 4280 1868,
546 4223 572 4271 in
589 4221 744 4276 Coloniam:
759 4224 825 4273 Acta
837 4224 862 4272 S.
878 4223 967 4282 Sedis,
984 4227 1003 4273 t.
1020 4238 1055 4281 tv,
1072 4238 1098 4286 p.
1113 4225 1203 4272 ae-tl.

197 4305 208 4338 ³
226 4304 293 4353 Acta
305 4303 331 4352 S.
346 4302 436 4360 Sedis,
453 4307 473 4353 t.
487 4317 562 4362 xxxi,
577 4317 604 4366 p.
621 4306 746 4352 623-614.
