3224 5044
301 435 348 486 ras
781 433 824 481 DE
844 431 942 482 mssa

296 578 444 646 rescidit.
463 579 513 642 De
533 599 600 664 quo
619 575 690 640 haec
719 575 860 640 dicenda
882 575 1065 642 videntur:
1092 600 1122 641 a.
1146 576 1335 665 Episcopus
1355 600 1429 642 non

296 700 410 782 potest
424 691 614 758 rescindere
634 689 884 770 fundationem,
905 714 947 754 es
967 692 1029 755 troc
1050 691 1120 777 ipso
1139 691 1232 778 quod
1253 692 1307 755 tes
1326 714 1431 756 cano-

297 809 370 872 nica
389 805 512 870 violata
532 812 595 887 est,
611 803 689 892 quia
708 805 772 869 hoc
791 803 859 897 fere
879 804 1099 893 aequivaleret
1116 828 1225 892 poenae
1241 805 1426 888 nullitatis,

297 942 398 1008 quam
423 917 599 1005 legislator
622 917 732 982 noluit
755 923 919 998 statuere;
948 957 994 966 —
1019 919 1054 984 b.
1087 919 1123 985 Si
1149 918 1303 984 fundatio
1335 919 1429 984 facta

296 1033 397 1098 fuerit
419 1055 479 1120 per
509 1031 723 1096 donationem
747 1031 836 1095 inter
859 1031 962 1114 vivos,
981 1039 1015 1096 et
1033 1032 1175 1120 proinde
1199 1055 1259 1120 per
1282 1033 1429 1098 modum

297 1153 506 1228 contractio,
539 1152 652 1234 potest
683 1141 889 1234 EpiscopuS,
925 1146 968 1210 ad
995 1145 1194 1212 instantiam
1226 1146 1428 1213 alterutrius

295 1262 417 1351 partis,
439 1260 629 1326 rescindere
658 1264 871 1324 contractum
896 1259 952 1324 vel
975 1259 1072 1324 illum
1095 1259 1256 1325 redue'ere
1281 1261 1325 1326 ad
1344 1285 1427 1326 nor-

296 1399 387 1440 mam
402 1377 505 1466 juro,
529 1374 627 1438 modo
647 1374 798 1459 adsuerit
820 1381 852 1437 et
866 1374 1036 1458 probetur
1056 1375 1163 1457 laesio,·
1181 1381 1216 1439 et
1241 1375 1322 1456 hoc,
1344 1375 1427 1440 licet

296 1491 439 1554 donator
454 1490 527 1576 jam
546 1495 700 1551 mortuus
720 1485 832 1552 fuerit.
855 1485 999 1552 Constat
1018 1511 1037 1552 a
1057 1487 1186 1552 fortiori
1207 1511 1250 1553 ex
1269 1489 1426 1554 dicendis

296 1602 397 1684 infra;
429 1626 464 1669 n.
499 1603 570 1688 753
602 1641 646 1650 —
672 1623 700 1667 c.
727 1601 763 1667 Si
792 1600 945 1666 fundatio
972 1603 1058 1667 facta
1089 1601 1190 1667 fuerit
1219 1625 1281 1692 per
1310 1611 1426 1668 actum

295 1716 425 1782 ultimae
444 1715 647 1797 voluntatis,
669 1714 805 1780 videtur
823 1715 957 1781 admitti
987 1739 1088 1804 posse
1116 1717 1231 1804 opinio
1260 1717 1427 1805 praefato·

296 1853 373 1896 rum
405 1829 597 1912 doctorum,
633 1829 734 1894 modo
763 1830 845 1894 item
878 1831 1031 1915 adsuerit
1063 1840 1096 1894 et
1118 1830 1289 1916 probetur
1314 1831 1427 1914 ἀπὶ-0,·

296 1946 391 2036 quia,
425 1945 497 2011 sive
529 1946 637 2011 haeres
670 1943 874 2025 fundatoris,
908 1944 979 2008 sive
1007 1943 1202 2008 institutum
1234 1943 1427 2032 praetendat

298 2060 472 2125 laesionem
497 2067 530 2124 et
563 2061 666 2124 instet
697 2081 757 2146 pro
783 2057 985 2140 rescisione,
1008 2057 1043 2121 in
1070 2065 1215 2145 utroque
1241 2080 1322 2122 casu
1342 2057 1426 2145 Epi-

297 2195 419 2261 scopus
437 2173 572 2236 videtur
595 2177 791 2260 competens
816 2171 860 2236 ad
879 2171 1136 2236 rescindendam
1159 2171 1422 2236 fundationem:

296 2287 332 2350 in
357 2284 461 2372 priori
487 2307 584 2364 casu,
613 2285 708 2372 quia,
743 2285 778 2349 vi
808 2285 942 2350 concilii
968 2285 1074 2367 Trid.‚
1110 2309 1140 2351 c.
1171 2285 1346 2371 Episcopi,
1382 2284 1422 2364 8,

297 2421 380 2463 sess.
403 2396 516 2480 XXII,
539 2397 589 2461 Du
609 2419 694 2479 aar„
717 2398 905 2486 Episcopus
925 2406 977 2464 est
995 2408 1153 2464 esecutor
1172 2400 1326 2464 omnium
1340 2397 1424 2484 pia-

298 2534 377 2577 rum
402 2511 681 2596 dispositionum;
708 2511 743 2575 in
776 2513 882 2577 altero
911 2536 1006 2596 casu,
1036 2513 1115 2601 quia
1148 2513 1337 2602 Episcopus
1369 2519 1425 2577 est

296 2631 388 2691 tutor
414 2625 565 2690 omnium
584 2625 816 2690 institutorum
835 2625 1142 2690 ecclesiasticorum
1161 2650 1231 2692 suoe
1251 2627 1421 2706 dioecesis,

297 2763 372 2830 quar
391 2739 434 2806 ab
452 2739 578 2826 injusta
598 2739 736 2804 laesione
755 2739 841 2805 tueri
856 2737 973 2820 debet3
991 2779 1034 2789 —
1048 2741 1082 2806 d.
1106 2741 1293 2830 Episcopus
1308 2747 1426 2831 potest

296 2854 485 2919 rescindere
505 2852 736 2918 fundationem
755 2853 857 2919 etiam
874 2877 915 2917 eae
935 2855 1060 2939 officio,
1082 2856 1228 2944 quando,
1246 2861 1423 2943 acceptato

296 2989 385 3033 novo
415 2991 532 3049 onere,
559 2968 701 3034 ecclesia
728 2968 784 3032 vel
811 2967 1007 3033 institutum
1037 2991 1106 3033 non
1138 2976 1253 3058 potest
1275 2969 1423 3057 amplius

296 3081 453 3148 omnihus
484 3081 659 3166 oneribus,
692 3105 813 3172 nempe
842 3081 1015 3147 veteribus
1040 3089 1073 3147 et
1098 3105 1205 3163 novo,
1227 3082 1422 3148 satisfacere

296 3196 408 3282 quoad
428 3205 560 3282 tempus
575 3204 608 3260 et
629 3198 770 3262 locuma
790 3195 1027 3262 fundatoribus
1046 3195 1285 3277 determinata3
1306 3195 1342 3260 in
1357 3197 1423 3260 hoc

296 3307 387 3372 enim
415 3332 513 3390 casu,
547 3309 735 3398 Episcopus
768 3317 964 3399 competens
1002 3315 1055 3374 est
1085 3311 1128 3375 ad
1161 3310 1424 3376 rescindendam

296 3444 422 3487 novam
445 3421 694 3505 fundationem,
716 3433 883 3512 quatenus
905 3432 1063 3490 executor·
1095 3433 1127 3490 et
1151 3433 1246 3492 tutor
1268 3427 1423 3491 omnium

291 3537 433 3624 piarum
453 3538 723 3622 dispositionum.

342 3758 410 3827 64.
430 3799 474 3809 -
489 3761 666 3830 Tertium
680 3762 942 3849 requisitum:
956 3762 1283 3830 investimentum
1299 3761 1420 3830 dotis.

295 3911 339 3922 -
355 3873 425 3937 Dos
440 3897 500 3940 seu
514 3875 657 3963 pecunia
671 3874 856 3940 constituta
870 3899 931 3964 pro
946 3897 1047 3940 onere
1061 3881 1225 3964 perpetuo
1240 3874 1422 3940 missarum

296 3985 397 4054 debet
424 3989 590 4075 investiri,
612 3989 647 4054 id
677 3997 747 4071 est,
769 3989 921 4055 converti
951 3989 986 4054 in
1013 3989 1102 4054 bona
1130 3989 1265 4056 stabilia
1288 3997 1327 4056 ut
1350 3989 1422 4055 fru-

296 4108 390 4168 ctum
410 4125 561 4170 annuum
580 4101 713 4169 referat.
737 4104 786 4168 De
806 4127 873 4192 quo
892 4103 963 4169 haec
983 4103 1146 4171 dicenda:

343 4219 375 4280 1⁰
398 4217 585 4283 Necessitas
609 4217 842 4282 investimenti.
869 4217 1037 4283 —Patet
1066 4217 1138 4284 haec
1166 4215 1352 4283 necessitas
1377 4239 1421 4282 ex
