3174 5046
548 1211 764 1292 CAPUT
803 1211 876 1292 III

224 1555 270 1608 DE
299 1555 581 1610 CELEBRATIONE
611 1557 778 1611 PLL'RIUM
808 1557 1000 1612 nissi-tntu
1032 1558 1108 1610 ΚΝΑ
1139 1557 1200 1611 DiE

286 1951 304 2025 ᾗ
326 1953 357 2009 1.
380 1951 592 2010 Prohlbttto
612 1949 829 2091 eelebffindt
850 1950 979 2020 plures
1000 1949 1138 2006 mtssos

630 2048 707 2091 una
767 2048 798 2090 o.

189 2233 249 2296 24.
264 2267 304 2274 —
318 2231 465 2294 Notitiae
479 2231 674 2293 historioae.

193 2342 222 2394 l⁰
239 2336 292 2396 Uti
313 2357 406 2417 supra
422 2336 556 2396 diximus
571 2339 621 2414 (n.
645 2337 709 2410 13)
729 2335 924 2396 consuetudo
940 2334 1159 2394 celebrationis
1174 2334 1277 2415 quoti-

148 2442 250 2502 dianae
263 2449 364 2502 totum
379 2441 485 2501 orbern
499 2441 719 2517 christianum,
737 2441 852 2500 saeculo
865 2461 882 2496 v
895 2447 926 2500 ot
940 2461 983 2513 vr,
1001 2441 1153 2520 pervasit;
1169 2459 1275 2499 verum

149 2548 272 2626 longius
288 2547 390 2608 adhuc
406 2567 569 2627 progressa
584 2555 632 2606 est
645 2548 744 2628 pietas
759 2546 970 2606 sacerdotalis.
985 2547 1053 2605 Jam
1066 2545 1147 2605 enim
1162 2545 1275 2604 soeculo

148 2675 187 2711 vn
207 2653 313 2734 plures
333 2653 441 2712 missas
461 2652 598 2733 privatas
618 2652 727 2712 eodem
747 2651 797 2712 die
817 2651 965 2711 celebrari
986 2652 1100 2731 passim
1120 2650 1273 2710 videmus,

148 2758 199 2816 Sic
223 2758 254 2816 in
281 2757 446 2838 Hispania,
473 2757 526 2816 ubi
551 2757 718 2817 concilium
740 2757 840 2816 Tolet.
872 2756 932 2815 Xll
962 2766 1032 2830 (an,
1058 2757 1150 2829 681),
1181 2776 1208 2814 c.
1239 2755 1273 2828 5,

147 2863 284 2942 graviter
308 2862 509 2944 reprehendit
528 2883 581 2922 eos
605 2862 781 2923 sacerdotes
801 2861 855 2942 qui
874 2861 963 2942 pluro
987 2859 1096 2920 eodem
1117 2857 1274 2918 die'cele-

148 2967 281 3028 brabant
300 2967 464 3043 sacrificia,
487 2967 540 3027 sed
560 2967 591 3026 in
612 2967 723 3028 ultimo
742 2974 863 3027 tantum
885 2987 1001 3026 sacram
1020 2965 1272 3026 communionem

147 3072 392 3153 percipiebant¹.
417 3073 448 3133 S.
469 3074 531 3133 Leo
552 3073 598 3132 111
616 3074 796 3150 (795-816)
817 3093 876 3132 una
899 3072 949 3132 die
971 3071 1086 3154 septies
1107 3072 1156 3130 vel
1179 3072 1273 3132 etiam

148 3176 252 3238 novies
272 3177 464 3252 celebrabat,
486 3185 517 3237 et
532 3177 592 3238 hoc
612 3178 741 3258 saepius,
759 3199 797 3237 ex
812 3178 993 3238 testimonio
1009 3177 1174 3238 Wnlnsridi
1190 3179 1274 3237 Stra·

147 3283 253 3354 bonis,
283 3282 351 3363 ejus
381 3283 531 3342 coaetanei
560 3281 773 3358 (806-849)².
807 3283 865 3343 Hic
891 3291 1001 3344 auctor
1028 3281 1275 3344 animadvertit³

147 3408 291 3466 magnam
306 3387 364 3448 hac
380 3388 410 3446 in
430 3409 463 3447 re
484 3389 665 3448 varietatem
686 3388 803 3448 fuisse:
823 3416 837 3442 n
861 3389 915 3448 Est
930 3389 1015 3464 talio,
1032 3389 1091 3464 ait,
1108 3390 1161 3470 qui
1179 3390 1273 3449 semol

147 3501 269 3553 tantum
285 3493 382 3552 indie
399 3493 523 3552 missam
540 3494 696 3553 celebrare
716 3493 809 3560 velit:
879 3494 957 3554 nlius.
973 3515 1047 3554 vero
1065 3493 1130 3570 his,
1149 3501 1206 3572 ter,
1224 3495 1273 3554 vel

146 3596 377 3680 quotieslibet,
395 3597 502 3658 eadem
520 3599 666 3680 mysteria
684 3599 714 3657 in
731 3599 780 3658 die
796 3599 907 3660 iterare
923 3621 1095 3677 congruum
1112 3607 1238 3678 putat...
1259 3626 1272 3654 n

146 3705 245 3771 Quom
275 3707 365 3762 nium
395 3703 486 3764 valdo
517 3704 756 3764 convenientem
786 3705 942 3764 existimat
971 3704 1175 3764 walafridus.
1208 3705 1274 3764 lmo

145 3809 243 3868 altera
263 3808 371 3882 misna,
395 3809 426 3867 in
452 3809 590 3869 savorem
615 3809 774 3890 hospitum
802 3817 896 3890 atquo
919 3809 1171 3890 peregrinorum,
1192 3809 1273 3868 circa

147 3913 306 3972 meridiem
338 3914 509 3988 celebrata,
538 3915 651 3974 alicubi
685 3915 715 3974 in
752 3936 824 3988 usu,
854 3923 885 3974 ot
917 3915 1010 3974 etiam
1042 3915 1147 3995 aliquo
1178 3915 1272 3974 modo

179 4115 186 4145 ¹
204 4115 304 4174 Bruns,
321 4115 456 4174 Concilio,
474 4119 493 4165 t.
509 4132 530 4176 ι,
550 4131 576 4178 p.
592 4121 647 4164 3¹26.

177 4194 369 4243 ¹tt'alatridus
389 4195 503 4258 Strabo,
525 4195 563 4244 De
593 4195 674 4244 rebus
700 4194 901 4254 ecclesiasticis,
923 4211 946 4244 c.
971 4210 1027 4254 xxm
1054 4195 1157 4258 Mtgne,
1181 4195 1210 4243 P.
1231 4196 1270 4252 1..‚
1361 4187 1364 4192 ¹

146 4277 165 4322 t.
177 4289 248 4333 cxiv,
264 4274 316 4324 col.
331 4279 386 4325 9-53.

177 4353 187 4388 ³
202 4354 262 4403 Loc.
276 4353 321 4404 cit.
