3246 5026
304 441 356 494 362
785 443 828 494 DE
847 441 948 494 mssa

303 589 506 669 implemento
521 590 546 648 si
563 589 731 662 moraliter,
748 595 777 648 et
795 589 874 648 intra
891 589 1106 669 praescriptum
1123 609 1178 648 seu
1198 588 1292 648 breve
1308 595 1434 670 tempus

304 685 481 746 satisfacere
498 705 559 746 uon
582 705 688 765 posse,
706 706 759 745 seu
780 685 831 745 illa
847 685 1026 757 dumtaxat,
1045 692 1075 744 et
1091 705 1153 744 non
1170 684 1318 744 ulteriora
1333 685 1432 744 adim-

303 781 387 862 plere
402 802 493 860 posse
512 781 716 853 crediderint,
734 803 788 841 seu
807 781 934 841 credere
949 780 1130 852 debuerint,
1148 781 1224 840 alias
1240 780 1350 842 missas
1364 782 1432 841 sive

303 877 505 956 temporales,
523 878 588 938 sive
603 879 781 952 manuales,
797 899 852 959 per
866 898 914 950 se,
930 878 977 936 vel
995 897 1050 958 per
1068 877 1267 957 interpositas
1283 899 1432 958 personas

302 993 429 1054 quoquo
441 974 534 1033 modo
545 973 694 1055 recipere,
710 994 763 1033 seu
776 982 938 1055 acceptare
951 974 1078 1033 omnino
1091 973 1254 1046 desistant,
1270 995 1324 1035 seu
1336 974 1432 1033 absti-

303 1078 415 1143 neant,
431 1077 463 1130 et
479 1071 609 1130 ulterius
626 1070 679 1131 tali
694 1091 766 1131 casu
783 1072 813 1129 in
829 1070 937 1130 eadem
955 1069 1069 1130 tabella
1083 1070 1226 1130 similiter
1241 1071 1429 1150 exprimant,

302 1187 368 1226 sese
377 1174 542 1248 propterea
552 1167 620 1227 aliis
629 1167 730 1226 missis
741 1167 952 1248 acceptandis,
961 1173 992 1226 et
1002 1165 1196 1226 celebrandis
1207 1167 1338 1247 impares
1349 1187 1427 1228 esse.

341 1267 357 1338 ξ
376 1265 422 1323 19.
442 1263 602 1345 lidemque
623 1271 787 1324 teneantur
807 1263 924 1344 pariter
943 1263 974 1322 in
995 1263 1129 1323 sacrario
1144 1262 1224 1323 duos
1244 1263 1340 1322 libros
1355 1265 1430 1324 reti-

302 1379 391 1431 nere,
408 1381 444 1419 ac
460 1361 490 1418 in
506 1381 613 1420 eorum
634 1360 733 1420 altero
749 1359 869 1438 singula
886 1380 980 1420 onera
997 1367 1163 1440 perpetua,
1181 1367 1211 1418 ct
1228 1360 1427 1440 temporalia,

301 1447 447 1516 in'altero
462 1463 565 1516 autem
587 1457 696 1516 missas
712 1456 886 1529 manuales,
904 1463 934 1515 et
951 1464 1013 1516 tam
1030 1455 1170 1528 illorum,
1188 1476 1281 1538 quam
1298 1457 1428 1516 istarum

301 1550 592 1632 adimplementum,
610 1560 639 1612 et
656 1552 869 1632 eleemosynas
884 1551 1031 1612 distincte
1046 1573 1082 1612 ae
1096 1551 1263 1631 diligenter
1278 1559 1430 1612 annotare

301 1653 332 1706 et
362 1648 573 1722 annotandas,
602 1669 655 1708 seu
687 1647 865 1708 annotanda
895 1669 1018 1722 curare,
1047 1648 1239 1730 singulisque
1269 1649 1358 1708 annis
1389 1649 1429 1709 de

301 1744 487 1824 supradictis
501 1745 762 1826 adimplementis,
779 1745 1000 1826 eleemosynis,
1017 1753 1048 1804 et
1063 1745 1211 1806 oneribus
1227 1746 1342 1826 pariter
1357 1765 1429 1805 exa·

301 1848 382 1901 ctam
398 1842 549 1902 rationem
571 1843 635 1901 suis
656 1841 867 1922 superioribus
888 1841 1031 1914 reddere,
1048 1862 1084 1901 ac
1103 1861 1227 1915 omues,
1244 1849 1275 1900 et
1290 1841 1429 1919 singulas

300 1939 436 1999 rationes
462 1938 642 2019 hujusmodi
669 1939 700 1998 in
727 1939 865 2019 praelatis
891 1938 1062 2018 respective
1087 1937 1173 1996 libris
1197 1937 1290 1998 simili
1314 1937 1427 1998 distin-

300 2035 413 2103 ctione,
427 2041 457 2094 et
472 2035 644 2113 diligentia,
659 2043 721 2094 tam
737 2034 871 2115 praelati,
884 2055 900 2094 a
916 2034 1030 2115 quibus
1045 2034 1181 2094 rationes
1193 2033 1311 2098 debent
1327 2034 1426 2103 reddi,

300 2151 391 2210 quam
408 2131 596 2210 superioreS,
614 2131 727 2212 quibus
742 2131 908 2190 reddenda·
924 2139 1026 2202 erunt,
1043 2131 1234 2204 describere,
1252 2131 1317 2191 sive
1332 2152 1428 2190 auno·

300 2233 380 2296 tare,
398 2226 462 2284 sive
477 2226 713 2296 describendas,
732 2227 779 2286 vel
795 2227 992 2287 annotandas
1007 2227 1180 2307 respective
1195 2247 1314 2287 curare.

339 2323 421 2397 §2ss
444 2321 563 2389 Quibus
585 2343 707 2402 semper
728 2323 837 2396 salvis,
854 2323 989 2384 debeant
1015 2323 1146 2383 ulterius
1169 2325 1327 2402 regulares
1349 2345 1428 2404 prae-

299 2417 390 2490 dicti,
407 2438 515 2477 omues
530 2427 560 2478 et
576 2439 788 2500 quascumque
809 2421 1036 2500 eleemosynas,
1055 2427 1119 2478 tum
1136 2421 1342 2494 manualium,
1360 2427 1426 2480 tum

299 2521 535 2594 perpetuarum,
553 2523 584 2575 et
600 2517 817 2595 temporalium
833 2517 997 2575 missarum
1013 2536 1162 2596 reponere
1177 2517 1208 2575 in
1224 2537 1315 2597 capsa
1332 2517 1428 2597 parti-

298 2608 394 2669 culari
411 2610 468 2669 sub
482 2610 606 2672 duabus
624 2611 780 2684 clavibuS,
797 2633 930 2694 quarum
947 2633 1007 2672 una
1023 2632 1118 2692 penes
1137 2612 1328 2693 superiorem
1344 2612 1426 2672 loca-

298 2705 374 2780 lem,
389 2705 484 2767 altera
502 2729 576 2768 vero
591 2729 685 2788 penes
699 2707 794 2768 alium
810 2729 825 2767 a
843 2707 981 2790 capitulo
996 2708 1196 2768 conventuali
1209 2708 1426 2790 deputandum

297 2803 478 2876 retineatur,
499 2805 592 2864 aede
613 2803 721 2864 iisdem
741 2804 962 2886 eleemosynis,
981 2813 1012 2864 et
1031 2805 1240 2866 celebratione
1260 2805 1426 2868 missarum

298 2919 401 2960 eoram
423 2900 565 2980 patribus
587 2899 744 2969 discretis,
767 2921 820 2960 seu
843 2899 1044 2975 consiliariis,
1068 2901 1117 2961 vel
1136 2901 1198 2961 alio
1218 2901 1310 2961 simili
1330 2901 1427 2962 modo

298 2997 499 3077 nuncupatis,
524 2996 653 3076 singulis
675 2996 834 3056 mensibus
855 2997 1030 3058 districtam
1055 2998 1207 3058 rationem
1231 2999 1370 3076 exigere,
1395 3007 1426 3058 et

296 3093 469 3172 respective
485 3092 624 3152 reddere.
1092 3107 1098 3116 ·

336 3192 351 3263 ξ
367 3191 415 3246 21.
433 3187 521 3255 Quod
538 3189 562 3247 si
583 3188 740 3268 praedicti,
757 3189 795 3248 ad
811 3209 890 3270 quos
906 3209 979 3248 cura
996 3189 1133 3262 tabellae,
1150 3211 1266 3271 capsae,
1284 3197 1314 3249 et
1330 3189 1426 3250 libro-

296 3303 365 3342 rum
382 3283 583 3362 prelatorum
603 3284 777 3364 respective
796 3285 947 3366 pertinet,
965 3306 1019 3346 seu
1040 3286 1196 3366 pertinere
1211 3285 1319 3360 debet,
1337 3307 1424 3346 suam

296 3399 422 3458 operam
446 3379 627 3459 praemissis,
652 3387 686 3439 ut
709 3381 884 3460 praefertur,
912 3382 1039 3440 minime
1061 3382 1257 3461 paraverint,
1281 3389 1311 3442 et
1334 3403 1425 3462 supe-

295 3475 407 3548 riores,
430 3481 495 3535 tum
520 3475 721 3548 secularium,
745 3484 810 3536 tum
831 3476 1019 3556 regularium
1047 3477 1248 3538 ecclesiarum
1270 3477 1424 3537 rationem

295 3571 475 3652 praedictam
492 3593 554 3632 non
570 3572 746 3651 exegerint,
763 3595 817 3633 scu
833 3593 896 3632 non
913 3573 1161 3652 invigilaverint,
1177 3573 1262 3654 quod
1283 3573 1423 3654 praelati,

294 3668 348 3748 qui
367 3669 399 3728 in
414 3689 519 3728 curam
542 3665 740 3740 tabellarum,
762 3677 794 3728 et
813 3670 963 3730 librorum
983 3669 1185 3743 incumbunt,
1206 3691 1263 3730 suo
1284 3671 1423 3737 muneri,

295 3771 329 3823 ut
349 3765 523 3844 praefertur,
545 3769 752 3838 satisfaciant,
774 3765 805 3824 in
827 3767 958 3846 singulis
978 3767 1151 3848 respective
1173 3765 1310 3839 casibus,
1332 3787 1424 3827 secu-

293 3859 373 3920 lares
388 3881 513 3941 poenam
529 3863 744 3946 suspensionis
757 3863 931 3936 incurrant,
949 3863 1106 3943 regulares
1122 3883 1196 3924 vero
1213 3883 1288 3922 voce
1303 3864 1424 3935 activa,

294 3963 325 4018 et
340 3958 477 4038 passiva,
494 3980 531 4019 ac
550 3961 713 4039 gradibus,
731 3967 760 4019 et
781 3959 905 4032 officiis,
923 3980 992 4040 quae
1012 3959 1170 4033 obtinent,
1187 3959 1255 4039 ipso
1276 3960 1375 4032 lacto,
1393 3967 1424 4020 et

294 4054 410 4136 absque
425 4055 484 4115 alia
499 4053 711 4118 declaratione
728 4055 840 4137 privati
856 4055 933 4128 sint,
950 4063 981 4116 et
1000 4056 1229 4135 intelligantur,
1247 4077 1368 4116 necnon
1383 4055 1423 4117 ad

293 4151 472 4232 hujusmodi
493 4153 622 4231 gradus,
644 4161 675 4213 et
696 4152 797 4213 officia
819 4151 988 4211 obtinenda
1009 4152 1152 4212 similiter
1171 4151 1423 4225 inhabilitentur,

293 4251 325 4305 et
339 4247 527 4309 inhabilitati
544 4250 621 4324 sint,
638 4257 666 4309 ct
685 4249 910 4328 intelligantur.
