3246 5026
303 447 355 502 ³78
787 447 831 498 DE
850 446 950 499 Missa

303 614 400 675 quum
421 593 494 652 olim
516 591 568 652 lel.
590 612 652 652 rec.
674 592 886 673 praedecessor
905 599 1011 651 noster
1030 589 1232 650 Innocentius
1253 587 1336 670 Papa
1356 587 1439 647 Xlll

304 689 341 748 ad
364 688 557 748 discutienda
579 687 708 768 Hispani
732 687 805 748 cleri
828 687 1009 767 gravissima
1029 686 1154 766 negotia
1173 685 1212 745 ab
1232 684 1345 764 insigni
1364 684 1440 744 viro

304 786 395 845 bonae
410 785 568 844 memoriae
584 784 744 844 ludovico
760 784 854 866 hujus
870 785 902 845 S.
920 784 959 844 R.
978 784 1014 844 E.
1029 781 1189 844 Cardinali
1205 781 1335 860 Belluga
1350 801 1439 840 nun-

303 887 418 961 cupato
440 880 616 962 proposita,
638 879 825 963 peculiarem
846 879 1121 960 congregationem
1141 877 1357 959 prestantium
1379 877 1440 936 ali-

304 985 383 1058 quot
402 977 542 1058 cjusdem
562 977 594 1038 S.
618 977 656 1038 R.
675 977 710 1039 E.
728 975 940 1036 Cardinalium
961 975 1157 1057 deputasset,
1179 974 1340 1055 Nobisque
1359 979 1440 1032 tunc

304 1073 337 1132 in
357 1071 530 1134 minoribus
550 1073 729 1134 constitutis
749 1073 846 1154 ipsius
863 1071 1123 1151 Congregationis
1142 1069 1301 1131 secretarii
1321 1089 1439 1129 munus

305 1168 542 1243 demandassct3
566 1169 763 1228 meminimus
788 1189 850 1228 non
875 1189 985 1250 parum
1011 1167 1177 1248 temporis,
1201 1165 1439 1249 plurimumque

305 1264 421 1324 laboris
443 1265 533 1324 nobis
553 1285 632 1346 opus
652 1264 761 1338 luisse,
778 1273 814 1324 ut
829 1264 938 1326 lalsam
954 1264 1082 1324 omnino
1097 1264 1299 1345 probaremus
1315 1263 1440 1344 opinio-

306 1381 394 1436 nem,
411 1361 452 1422 ob
471 1381 564 1442 quam
587 1359 713 1441 parochi
734 1360 865 1441 Hispani
888 1382 920 1420 se
943 1361 1097 1421 immunes
1119 1380 1154 1419 ac
1176 1359 1290 1418 liberos
1312 1359 1439 1420 dictita·

307 1456 382 1518 bant
401 1457 440 1516 ab
460 1457 627 1517 edocendis
647 1456 900 1538 instruendisque
920 1457 952 1515 in
972 1457 1139 1517 christiana
1155 1455 1297 1515 doctrina
1312 1455 1436 1536 pueris,

305 1553 442 1634 eoquod
459 1552 639 1634 hujusmodi
655 1553 893 1614 exercitationes
914 1553 945 1612 in
961 1552 1029 1614 aliis
1044 1572 1169 1634 quoque
1185 1551 1324 1611 ecclesiis
1339 1551 1439 1610 habe-

306 1656 432 1722 rentur;
460 1656 515 1708 aut
540 1649 614 1731 quia
641 1650 896 1710 concionatorum
922 1669 1015 1730 opera
1041 1647 1207 1729 studioque
1232 1647 1306 1707 satis
1329 1645 1440 1706 fideles

306 1745 553 1820 instruerentur;
570 1753 624 1806 aut
642 1747 735 1806 etiam
751 1745 793 1806 ob
806 1745 1052 1806 vetustissimam
1071 1743 1349 1816 consuetudinem,
1366 1763 1438 1824 quae

308 1842 461 1922 parochos
485 1843 569 1923 ipsos
591 1843 711 1903 abhoc
733 1863 827 1904 onere
849 1842 1009 1902 vindicare
1030 1841 1216 1902 videbatur·
1232 1841 1309 1908 Quae
1331 1839 1438 1899 munia
1483 1915 1491 1930 ι

307 1938 454 2018 leguntur
468 1938 499 1998 in
516 1939 741 2000 constitutione
756 1960 826 2020 quae
846 1939 977 2019 incipit:
997 1965 1011 1992 ι
1030 1937 1202 2019 Apostolici
1222 1936 1405 2010 ministerii,
1422 1961 1438 1992 ι)

308 2054 401 2114 quam
424 2033 573 2114 praelatus
596 2035 798 2096 Innocentius
820 2034 1031 2117 praedecessor
1052 2033 1279 2116 promulgavit,
1302 2033 1333 2092 in
1358 2054 1438 2114 qua,

308 2134 323 2204 ξ
338 2131 368 2200 9,
384 2138 588 2190 recensentur
603 2152 638 2191 ac
658 2131 844 2191 refelluntur
858 2151 892 2191 ea
913 2131 1033 2202 omnia,
1051 2151 1119 2211 quac
1135 2129 1229 2188 modo
1248 2147 1440 2188 commemo-

308 2244 456 2284 ravrmus.

351 2319 406 2380 llis
428 2329 533 2380 autern
555 2342 611 2402 per
634 2329 830 2383 transennam
853 2323 1026 2396 adnotatis,
1049 2323 1114 2404 jam
1141 2341 1325 2404 responsum
1353 2339 1440 2400 quae-

309 2417 402 2476 stioni
412 2417 572 2492 iaciamus,
582 2418 728 2479 videlicet
738 2439 801 2479 non
814 2409 881 2480 esse
894 2419 1071 2480 iterandum
1085 2419 1135 2478 die
1147 2419 1228 2479 sesto
1237 2415 1437 2490 sacrificium,

310 2513 334 2572 si
357 2513 493 2594 parocho
515 2515 594 2575 alius
616 2516 761 2576 sacerdos
784 2537 910 2596 operam
933 2536 1020 2577 suam
1036 2513 1156 2576 ¹navare
1179 2514 1293 2596 possit,
1314 2513 1439 2574 etiamsi

309 2609 516 2670 catechismus
544 2612 654 2674 eodem
684 2613 749 2688 die,
783 2613 916 2695 fideique
948 2612 1094 2693 mysteria
1126 2611 1243 2692 populo
1276 2609 1439 2690 explanari

310 2705 455 2767 debeant.
474 2708 549 2768 Haec
565 2709 647 2769 enirn
662 2711 729 2770 fieri
745 2717 876 2791 possunt
895 2709 1036 2790 ejusdem
1057 2708 1228 2770 sacerdotis
1246 2706 1438 2778 ministerio,

310 2803 363 2882 qui
379 2803 418 2863 ad
434 2824 556 2865 sacrum
572 2805 801 2866 conficiendum
822 2805 998 2879 inducitur;
1016 2804 1278 2886 quemadmodum
1294 2803 1359 2863 Nos
1379 2801 1440 2882 ipsi

310 2899 476 2960 statuimus
498 2899 528 2960 in
551 2902 741 2962 Bononiensi
761 2901 900 2976 dioecesi,
917 2922 988 2960 cum
1009 2902 1040 2960 in
1061 2923 1095 2962 ca
1110 2901 1214 2961 sedern
1235 2899 1439 2970 haberemuS,

311 2995 393 3056 haud
410 2997 605 3075 ignoranteS,
623 2999 653 3059 id
669 2994 915 3061 consentancum
934 3021 1001 3060 esse
1017 2999 1165 3074 decretis,
1182 3019 1252 3081 quae
1272 2996 1441 3079 superbae

311 3113 343 3152 re
364 3090 531 3154 Pontifices
550 3093 682 3155 Romani
705 3117 767 3156 non
789 3095 885 3156 semel
908 3095 1085 3156 ediderunt.
1107 3095 1142 3155 ld
1165 3115 1222 3154 nos
1243 3093 1441 3154 ostendimus

310 3187 416 3248 Iastia.
438 3187 501 3266 III,
520 3197 596 3252 tom.
613 3213 659 3264 ιιι,
677 3198 853 3252 nostrarum
873 3189 1114 3252 Institutionum
1133 3188 1438 3264 ecclesiasticarum,

311 3303 380 3364 quae
393 3284 542 3344 Bononiae
558 3286 715 3366 impressae
731 3287 869 3348 luerunt.
883 3289 1028 3360 Accedit,
1040 3287 1123 3370 quod
1136 3287 1306 3369 parochus,
1318 3286 1372 3368 qui
1388 3285 1441 3346 die

312 3380 391 3440 leste
407 3379 514 3440 fideles
530 3381 738 3443 instituendos
750 3383 783 3442 in
799 3392 931 3466 utraque
947 3385 1076 3445 ccclesia
1089 3383 1223 3444 libenter
1237 3383 1438 3463 suscepisset,
1478 3419 1483 3428 ·
1592 3407 1593 3418 ι

311 3475 335 3536 si
366 3476 498 3538 iterandi
527 3478 669 3539 sacrificii
699 3479 831 3542 facultas
859 3482 1046 3554 traderetur,
1077 3479 1107 3540 id
1138 3479 1260 3540 facilius
1288 3478 1440 3560 consequi

312 3573 426 3653 possit,
441 3575 465 3632 si
483 3575 513 3634 in
530 3575 626 3635 altera
646 3575 747 3636 solum
768 3575 897 3638 ecclesia
916 3598 981 3637 rem
1001 3575 1139 3636 divinam
1159 3576 1269 3648 faciat,
1286 3595 1322 3636 ac
1339 3594 1440 3655 popu·

311 3669 376 3728 lum
392 3670 536 3746 edoceat,
553 3671 665 3732 deinde
681 3672 719 3734 ad
735 3672 826 3733 aliam
842 3694 873 3733 se
889 3675 1031 3734 conserat
1045 3671 1223 3744 ecclesiam,
1241 3671 1294 3731 ubi
1309 3693 1326 3731 a
1343 3671 1439 3730 sacri-

312 3765 382 3826 ticio
406 3766 576 3840 abstineat,
602 3775 633 3828 et
656 3768 831 3830 christianae
856 3771 932 3849 legis
962 3769 1104 3830 instituta
1133 3769 1297 3829 dumtaxat
1320 3767 1440 3848 populo

311 3861 458 3922 declaret.
1060 3873 1062 3878 ’

351 3959 409 4019 Τιιι
431 3966 580 4041 praeterea
603 3963 729 4043 parochi
750 3969 933 4044 queruntur,
955 3962 1040 4044 quod
1060 3963 1135 4044 ipsis
1159 3962 1239 4022 hanc
1257 3959 1441 4021 facultatem

312 4055 462 4138 impertiri
478 4058 616 4133 dubites,
630 4081 723 4141 quarn
739 4081 755 4121 a
772 4059 832 4121 tuis
847 4059 1064 4119 decessoribus
1080 4079 1202 4140 semper
1216 4059 1439 4138 impetrarunt.

313 4151 528 4216 Certissimum
555 4155 632 4216 illud
659 4166 706 4218 est
732 4157 935 4217 missionariis
963 4163 1083 4216 tantum
1109 4177 1125 4216 a
1151 4154 1230 4214 Sede
1255 4153 1439 4234 Apostoliea

313 4257 498 4328 potestatem
514 4252 683 4334 aliquando
700 4254 763 4324 fieri
784 4261 818 4312 ut
834 4273 896 4312 uno
912 4251 962 4312 dic
982 4251 1166 4313 sacrificium
1183 4249 1231 4350 bis
1247 4257 1438 4331 operentur;
