3174 5046
443 515 487 564 DE
507 513 589 564 Loco
610 511 869 562 CELEBRATIONIS
889 512 997 562 hllSSAE
1248 513 1281 564 13

153 659 313 748 Episcopi
344 658 533 738 licentiam,
552 656 618 746 pisi
643 679 685 720 esc
708 656 874 738 decentia,
901 679 935 720 v.
965 680 1013 742 g.,
1037 655 1278 738 Reillenstuel,

153 772 286 854 Quarti,
302 779 367 838 etc.
381 773 407 850 ¹3
426 769 483 834 alii
498 769 674 856 requirunt
686 767 844 854 Episcopi
858 766 1031 832 licentiam
1046 769 1086 832 dc
1097 776 1278 853 praecepto,

152 911 187 952 v.
209 911 258 974 g.,
281 885 322 949 D.
346 883 509 962 Thomas,
532 881 567 948 S.
589 881 804 957 Antoninus,
827 880 962 960 Suarez,
985 881 1020 946 S.
1049 882 1166 970 Alph.,
1201 882 1282 947 Gat-

153 1001 258 1082 tieus,
282 997 373 1064 card.
393 997 511 1076 Petra,
537 1003 603 1060 etc.
618 997 641 1062 ¹.

199 1115 233 1180 2ο
253 1110 468 1178 Probabilius
483 1117 536 1174 est
549 1109 680 1196 requiri
697 1109 866 1172 licentiam
881 1109 1040 1194 Episcopi
1055 1111 1281 1198 depraeceptO,

155 1227 323 1316 praecipue
339 1233 476 1314 propter
489 1225 574 1288 duo:
594 1225 624 1288 1.
642 1222 725 1288 Can.
744 1222 930 1286 erasarum
945 1224 1119 1307 solemnia,
1137 1225 1169 1304 9,
1185 1249 1280 1290 cono.

156 1339 370 1428 Μοςιιιιῑίιιὶ3
389 1337 442 1424 (=
457 1361 532 1403 can.
545 1337 749 1419 Missarum,
769 1337 821 1416 12,
837 1335 916 1401 dist.
936 1337 968 1418 l,
987 1336 1153 1426 Ducena.)
1175 1339 1285 1426 requi-

156 1455 201 1519 rit
213 1454 386 1519 licentiam
407 1451 591 1540 Episcopi:
617 1477 632 1510 e
655 1449 837 1515 Missarum
862 1449 1026 1515 solemnia
1052 1474 1119 1516 non
1143 1451 1283 1540 ubique,

158 1569 218 1634 sed
244 1569 279 1632 in
305 1567 389 1632 locis
408 1566 450 1631 ab
477 1566 635 1654 episcopo
662 1563 884 1644 consecratis,
907 1564 962 1628 vel
993 1565 1051 1629 uhi
1071 1567 1283 1651 permiserit,

158 1681 360 1748 celebranda
388 1703 463 1746 esse
491 1702 682 1745 censemus.
708 1707 723 1738 a
755 1679 818 1742 llic
839 1687 959 1744 autem
984 1701 1112 1759 canon,
1142 1680 1192 1744 uti
1214 1679 1287 1767 jam

158 1797 323 1874 diximus,
345 1793 425 1859 licet
445 1816 513 1858 non
534 1793 579 1858 sit
602 1792 667 1857 nisi
691 1791 826 1856 concilii
850 1791 1079 1879 particularis,
1106 1801 1288 1858 consuetu-

159 1910 237 1975 dine
265 1909 393 1996 passim
426 1907 581 1986 invaluit.
609 1945 652 1954 —-
674 1905 706 1970 2.
735 1905 925 1970 Concilium
945 1905 1197 1986 Tridentinum,
1228 1907 1286 1972 cit.

160 2025 297 2089 decreto
324 2021 458 2097 Quanta
484 2043 582 2104 cura,
617 2043 700 2085 sess
732 2019 845 2098 XXII,
872 2019 921 2082 De
947 2019 1179 2102 observande,
1206 2027 1286 2100 etc,

160 2145 271 2204 totum
291 2136 467 2222 negotium
493 2135 534 2199 de
559 2133 784 2199 celebratione
809 2133 988 2198 missarum
1014 2139 1108 2197 extra
1129 2133 1303 2218 ecclesias·

161 2259 195 2336 et
221 2250 367 2316 oratoria
393 2249 536 2314 remittit
563 2271 651 2312 curae
678 2247 854 2335 Episcopi,
883 2247 935 2311 his
959 2245 1073 2311 verbis
1100 2246 1286 2334 allegatis:

165 2393 180 2426 α
206 2365 300 2430 Neve
320 2365 493 2451 patiantur
513 2361 716 2450 (Episcopi),
740 2369 804 2426 ete.
832 2389 847 2420 a
868 2361 969 2447 Ergo,
992 2361 1021 2424 si
1032 2345 1117 2448 'quis
1137 2367 1235 2448 putot
1253 2362 1287 2425 in

163 2479 277 2566 aliquo
301 2501 382 2543 casu
411 2477 550 2542 missam
580 2474 919 2540 celebrandamesse
949 2480 1044 2538 extra
1070 2475 1230 2540 ecclesias
1256 2483 1290 2541 et

163 2592 324 2672 oratoria,
347 2613 418 2655 rem
438 2589 567 2655 deferre
587 2597 723 2654 tenetur
743 2588 928 2676 Episcop0,
950 2588 1005 2653 cui
1028 2588 1098 2653 hmo
1119 2596 1191 2654 tota
1211 2613 1290 2654 eura

164 2705 345 2771 commissa
368 2711 436 2784 est,
459 2703 551 2791 quod
573 2703 720 2768 maxime
745 2701 916 2766 conforme
941 2707 994 2766 est
1017 2702 1165 2789 antiquae
1192 2703 1290 2766 disci-

165 2819 279 2908 plinae,
295 2819 330 2884 vi
343 2818 441 2904 cujus
455 2816 548 2882 nulla
563 2816 665 2881 missa
678 2814 841 2880 celebrari
856 2821 1000 2902 poterat,
1018 2815 1083 2878 nisi
1099 2815 1139 2878 de
1156 2815 1292 2880 licentia

166 2933 341 3021 Episcopi,
358 2932 408 2996 uti
423 2932 495 3019 jam
511 2928 661 3008 dicebat,
679 2951 734 2994 an.
759 2927 839 3009 107,
857 2927 891 2992 S.
911 2927 1075 3014 IgnatiuS,
1094 2927 1152 2992 Aa
1170 2928 1293 3014 Smyr-

167 3070 265 3130 neos,
281 3071 310 3111 c.
326 3067 396 3128 vui,
413 3069 447 3110 n.
463 3044 511 3108 1⁴.
530 3043 658 3108 —Nec
678 3041 782 3123 dicas,
800 3065 877 3106 cum
892 3041 1126 3124 Reiffenstuel,
1144 3042 1204 3108 loc.
1218 3044 1290 3126 cit,

167 3185 197 3226 c.
219 3161 269 3225 De
288 3160 521 3241 ecclesiarum,
545 3161 576 3238 1,
597 3165 631 3222 et
651 3181 680 3222 c.
703 3155 815 3238 Sicut,
835 3159 888 3235 11,
902 3155 982 3220 dist.
1007 3154 1032 3234 l,
1054 3156 1105 3220 Dn
1126 3176 1289 3238 noussen,

168 3273 298 3339 nullam
327 3273 537 3338 mentionem
565 3269 674 3336 facere
703 3269 848 3335 licentiae
877 3269 1090 3356 episcopalis
1122 3271 1225 3350 Nam,
1256 3278 1295 3335 ut

164 3388 237 3476 jam
251 3387 381 3452 dictum
401 3393 468 3468 est,
493 3385 527 3449 hi
547 3407 694 3450 canones
714 3391 794 3448 sunt
815 3383 1015 3471 apocryphi,
1038 3407 1057 3448 a
1077 3383 1294 3448 Pseudo-lsi-

168 3503 250 3567 doro
270 3501 422 3582 conlicti3
444 3507 603 3565 caeterum
624 3499 710 3564 alius
738 3519 845 3562 canon
866 3497 992 3585 pariter
1011 3498 1240 3585 apocryphus,
1263 3505 1296 3562 et

203 3763 211 3796 ¹
232 3761 420 3820 Reiltenstuel,
442 3759 568 3813 loc.c:'t.;
586 3759 737 3817 -Quarti,
758 3756 882 3806 Rubricae
901 3756 1031 3814 irruentis,
1052 3771 1115 3819 pars
1130 3754 1181 3814 lll,
1203 3758 1244 3805 tit.
1266 3775 1294 3815 x,

171 3859 197 3891 n.
214 3849 241 3900 1,
257 3845 323 3892 sect.
342 3857 363 3900 ι,
379 3841 444 3890 dub.
458 3845 485 3898 5,
498 3838 633 3898 Vcnetiis,
649 3843 719 3896 1727,
735 3853 761 3900 p.
778 3841 833 3885 383.
850 3837 901 3885 llic
918 3841 1006 3885 tamen
1022 3837 1134 3898 requirit
1151 3837 1296 3894 licentiam,

171 3923 279 3985 quando
295 3921 442 3971 necessitas
457 3935 510 3968 non
526 3923 568 3968 est
582 3919 650 3966 adeo
666 3917 816 3966 manifesta.

202 4003 213 4037 ²
228 4002 262 4050 D.
274 4002 405 4058 Thomas,
417 4001 466 4049 loc.
478 3999 538 4056 cit.;
552 4027 577 4034 -
591 3998 617 4046 S.
629 3997 796 4054 Antoninus,
807 3996 929 4054 Samaria,
945 4011 1007 4058 pars
1019 3995 1070 4054 lll,
1083 3996 1125 4044 tit.
1137 3999 1214 4054 xiir,§
1229 3999 1256 4056 1;
1269 4023 1298 4032 -

172 4083 282 4141 Sunrez,
299 4082 349 4130 loc.
366 4080 422 4137 cit„
439 4097 464 4128 n.
481 4084 508 4137 1;
525 4107 553 4114 -
569 4077 595 4126 S.
608 4078 700 4140 Alph.,
711 4077 760 4126 tac.
776 4077 873 4134 cit.,·—
885 4077 1022 4134 Gatticus,
1038 4091 1061 4123 c.
1079 4091 1112 4134 m,
1131 4091 1157 4123 n.
1174 4080 1253 4136 8-11;
1269 4105 1298 4113 -

172 4161 202 4212 C.
218 4161 312 4220 Petra,
328 4161 359 4210 ln
374 4163 459 4209 conat.
474 4159 537 4207 VIII
554 4157 669 4208 Ilonerii
690 4157 845 4215 1!1‚n.1e,
864 4155 997 4214 Venetiis,
1016 4159 1089 4214 1111,
1106 4159 1125 4204 1.
1147 4170 1177 4214 ιι,
1198 4171 1224 4218 p.
1244 4162 1298 4204 265.

205 4243 215 4276 ³
231 4243 282 4290 An.
298 4245 357 4300 888,
377 4239 479 4297 Mansi,
496 4243 513 4287 t.
531 4253 608 4297 xviii,
624 4238 676 4286 col.
692 4241 730 4284 67.

204 4321 315 4386 ‘Opera
330 4321 444 4370 Petrum
458 4317 682 4382 apostolicorum,
699 4316 740 4365 cd.
758 4315 846 4374 Funk,
861 4315 1004 4378 Tubingoe,
1021 4319 1093 4374 1881,
1111 4331 1136 4379 p.
1154 4319 1207 4364 211.
