<?xml version="1.0" encoding="UTF-8"?>
<!DOCTYPE html PUBLIC "-//W3C//DTD XHTML 1.0 Transitional//EN"
    "http://www.w3.org/TR/xhtml1/DTD/xhtml1-transitional.dtd">
<html xmlns="http://www.w3.org/1999/xhtml" xml:lang="en" lang="en">
 <head>
  <title>
</title>
<meta http-equiv="Content-Type" content="text/html;charset=utf-8" />
  <meta name='ocr-system' content='tesseract 3.04.00' />
  <meta name='ocr-capabilities' content='ocr_page ocr_carea ocr_par ocr_line ocrx_word'/>
</head>
<body>
  <div class='ocr_page' id='page_1' title='image "./praelectionesde01manygoog_0219.png"; bbox 0 0 3180 5024; ppageno 0'>
   <div class='ocr_carea' id='block_1_1' title="bbox 286 485 933 540">
    <p class='ocr_par' dir='ltr' id='par_1_1' title="bbox 286 485 933 540">
     <span class='ocr_line' id='line_1_1' title="bbox 286 485 933 540; baseline -0.008 0"><span class='ocrx_word' id='word_1_1' title='bbox 286 485 339 540; x_wconf 77' lang='lat'><strong>200</strong></span> <span class='ocrx_word' id='word_1_2' title='bbox 772 486 815 536; x_wconf 85' lang='lat' dir='ltr'><strong>DE</strong></span> <span class='ocrx_word' id='word_1_3' title='bbox 834 487 933 537; x_wconf 74' lang='lat' dir='ltr'><strong>Missa</strong></span> 
     </span>
    </p>
   </div>
   <div class='ocr_carea' id='block_1_2' title="bbox 288 629 1418 832">
    <p class='ocr_par' dir='ltr' id='par_1_2' title="bbox 288 629 1418 832">
     <span class='ocr_line' id='line_1_2' title="bbox 332 629 1418 718; baseline -0.002 -20"><span class='ocrx_word' id='word_1_4' title='bbox 332 633 365 699; x_wconf 83' lang='lat'><strong>3⁰</strong></span> <span class='ocrx_word' id='word_1_5' title='bbox 385 631 420 697; x_wconf 92' lang='lat' dir='ltr'><strong>Si</strong></span> <span class='ocrx_word' id='word_1_6' title='bbox 438 630 641 718; x_wconf 85' lang='lat' dir='ltr'><strong>delinquens</strong></span> <span class='ocrx_word' id='word_1_7' title='bbox 660 629 705 695; x_wconf 90' lang='lat' dir='ltr'><strong>sit</strong></span> <span class='ocrx_word' id='word_1_8' title='bbox 721 631 836 712; x_wconf 82' lang='lat' dir='ltr'><strong>laicus,</strong></span> <span class='ocrx_word' id='word_1_9' title='bbox 858 629 1000 696; x_wconf 76' lang='lat' dir='ltr'><strong>incurrit</strong></span> <span class='ocrx_word' id='word_1_10' title='bbox 1019 630 1094 717; x_wconf 91' lang='lat' dir='ltr'><strong>ipso</strong></span> <span class='ocrx_word' id='word_1_11' title='bbox 1114 630 1204 696; x_wconf 86' lang='lat' dir='ltr'><strong>lacto</strong></span> <span class='ocrx_word' id='word_1_12' title='bbox 1222 653 1418 696; x_wconf 73' lang='lat' dir='ltr'><strong>excommu-</strong></span> 
     </span>
     <span class='ocr_line' id='line_1_3' title="bbox 288 745 1372 832; baseline 0 -22"><span class='ocrx_word' id='word_1_13' title='bbox 288 747 499 826; x_wconf 85' lang='lat' dir='ltr'><strong>nicationem,</strong></span> <span class='ocrx_word' id='word_1_14' title='bbox 522 745 690 832; x_wconf 83' lang='lat' dir='ltr'>Episcopo</span> <span class='ocrx_word' id='word_1_15' title='bbox 710 751 927 810; x_wconf 82' lang='lat' dir='ltr'><strong>reservatam.</strong></span> <span class='ocrx_word' id='word_1_16' title='bbox 939 781 983 794; x_wconf 92' lang='lat'>-</span> <span class='ocrx_word' id='word_1_17' title='bbox 1003 745 1148 812; x_wconf 87' lang='lat' dir='ltr'><strong>Constat</strong></span> <span class='ocrx_word' id='word_1_18' title='bbox 1167 746 1240 810; x_wconf 91' lang='lat' dir='ltr'><strong>eod.</strong></span> <span class='ocrx_word' id='word_1_19' title='bbox 1263 755 1372 810; x_wconf 70' lang='lat' dir='ltr'><strong>textu.</strong></span> 
     </span>
    </p>
   </div>
   <div class='ocr_carea' id='block_1_3' title="bbox 287 965 1422 2534">
    <p class='ocr_par' dir='ltr' id='par_1_3' title="bbox 287 965 1422 1508">
     <span class='ocr_line' id='line_1_4' title="bbox 334 965 1418 1051; baseline -0.006 -16"><span class='ocrx_word' id='word_1_20' title='bbox 334 965 428 1035; x_wconf 86' lang='grc'><strong>106.</strong></span> <span class='ocrx_word' id='word_1_21' title='bbox 454 1003 497 1014; x_wconf 91' lang='lat'><em>-</em></span> <span class='ocrx_word' id='word_1_22' title='bbox 518 966 720 1042; x_wconf 70' lang='lat' dir='ltr'><strong>Quaentur</strong></span> <span class='ocrx_word' id='word_1_23' title='bbox 741 966 780 1033; x_wconf 89' lang='lat'><strong>1⁰</strong></span> <span class='ocrx_word' id='word_1_24' title='bbox 804 965 899 1030; x_wconf 86' lang='lat' dir='ltr'><strong>Num</strong></span> <span class='ocrx_word' id='word_1_25' title='bbox 926 967 1132 1050; x_wconf 78' lang='lat' dir='ltr'><strong>sacerdotes,</strong></span> <span class='ocrx_word' id='word_1_26' title='bbox 1159 967 1418 1051; x_wconf 80' lang='lat' dir='ltr'><strong>eplremeridum</strong></span> 
     </span>
     <span class='ocr_line' id='line_1_5' title="bbox 288 1078 1419 1166; baseline -0.002 -22"><span class='ocrx_word' id='word_1_27' title='bbox 288 1087 348 1146; x_wconf 86' lang='lat' dir='ltr'><strong>aut</strong></span> <span class='ocrx_word' id='word_1_28' title='bbox 382 1079 577 1146; x_wconf 79' lang='lat' dir='ltr'><em>libellorum</em></span> <span class='ocrx_word' id='word_1_29' title='bbox 602 1079 856 1164; x_wconf 87' lang='lat' dir='ltr'><strong>periodieorum</strong></span> <span class='ocrx_word' id='word_1_30' title='bbox 887 1078 1048 1166; x_wconf 78' lang='lat' dir='ltr'><strong>(ltevues)</strong></span> <span class='ocrx_word' id='word_1_31' title='bbox 1086 1079 1333 1162; x_wconf 75' lang='lat' dir='ltr'><strong>moderatores,</strong></span> <span class='ocrx_word' id='word_1_32' title='bbox 1369 1081 1419 1142; x_wconf 88' lang='lat' dir='ltr'><strong>rei</strong></span> 
     </span>
     <span class='ocr_line' id='line_1_6' title="bbox 287 1193 1421 1281; baseline -0.004 -21"><span class='ocrx_word' id='word_1_33' title='bbox 287 1195 356 1260; x_wconf 83' lang='lat' dir='ltr'><strong>sint</strong></span> <span class='ocrx_word' id='word_1_34' title='bbox 370 1195 527 1281; x_wconf 72' lang='lat' dir='ltr'><strong>praedicti</strong></span> <span class='ocrx_word' id='word_1_35' title='bbox 552 1193 661 1278; x_wconf 82' lang='lat' dir='ltr'><strong>turpis</strong></span> <span class='ocrx_word' id='word_1_36' title='bbox 689 1193 898 1258; x_wconf 87' lang='lat' dir='ltr'><strong>mercimonii</strong></span> <span class='ocrx_word' id='word_1_37' title='bbox 904 1231 924 1276; x_wconf 92' lang='lat'><strong>,·</strong></span> <span class='ocrx_word' id='word_1_38' title='bbox 939 1193 970 1258; x_wconf 85' lang='lat' dir='ltr'><strong>si</strong></span> <span class='ocrx_word' id='word_1_39' title='bbox 987 1193 1220 1258; x_wconf 83' lang='lat' dir='ltr'><strong>sacerdotibus</strong></span> <span class='ocrx_word' id='word_1_40' title='bbox 1246 1194 1421 1258; x_wconf 81' lang='lat' dir='ltr'><strong>associatis</strong></span> 
     </span>
     <span class='ocr_line' id='line_1_7' title="bbox 291 1307 1422 1397; baseline -0.002 -24"><span class='ocrx_word' id='word_1_41' title='bbox 291 1308 472 1397; x_wconf 71' lang='lat' dir='ltr'><strong>(aberrata)</strong></span> <span class='ocrx_word' id='word_1_42' title='bbox 494 1309 611 1372; x_wconf 78' lang='lat' dir='ltr'><strong>missas</strong></span> <span class='ocrx_word' id='word_1_43' title='bbox 629 1307 847 1372; x_wconf 82' lang='lat' dir='ltr'><strong>celebrandas</strong></span> <span class='ocrx_word' id='word_1_44' title='bbox 870 1309 1100 1390; x_wconf 84' lang='lat' dir='ltr'><strong>committant,</strong></span> <span class='ocrx_word' id='word_1_45' title='bbox 1127 1317 1178 1390; x_wconf 89' lang='lat' dir='ltr'><strong>et,</strong></span> <span class='ocrx_word' id='word_1_46' title='bbox 1201 1308 1273 1373; x_wconf 88' lang='lat' dir='ltr'><strong>loco</strong></span> <span class='ocrx_word' id='word_1_47' title='bbox 1291 1309 1422 1392; x_wconf 81' lang='lat' dir='ltr'><strong>stipen-</strong></span> 
     </span>
     <span class='ocr_line' id='line_1_8' title="bbox 289 1421 1003 1508; baseline 0 -21"><span class='ocrx_word' id='word_1_48' title='bbox 289 1423 356 1506; x_wconf 88' lang='lat' dir='ltr'><strong>dii,</strong></span> <span class='ocrx_word' id='word_1_49' title='bbox 379 1423 606 1508; x_wconf 79' lang='lat' dir='ltr'><strong>ephemerides</strong></span> <span class='ocrx_word' id='word_1_50' title='bbox 626 1429 684 1486; x_wconf 84' lang='lat' dir='ltr'><strong>aut</strong></span> <span class='ocrx_word' id='word_1_51' title='bbox 701 1421 832 1486; x_wconf 82' lang='lat' dir='ltr'><strong>libellos</strong></span> <span class='ocrx_word' id='word_1_52' title='bbox 853 1422 1003 1488; x_wconf 84' lang='lat' dir='ltr'><strong>tradant.</strong></span> 
     </span>
    </p>

    <p class='ocr_par' dir='ltr' id='par_1_4' title="bbox 334 1534 1022 1622">
     <span class='ocr_line' id='line_1_9' title="bbox 334 1534 1022 1622; baseline 0.001 -22"><span class='ocrx_word' id='word_1_53' title='bbox 334 1537 457 1622; x_wconf 77' lang='lat' dir='ltr'><strong>Hesp:</strong></span> <span class='ocrx_word' id='word_1_54' title='bbox 478 1535 625 1600; x_wconf 90' lang='lat' dir='ltr'><strong>tlmnino</strong></span> <span class='ocrx_word' id='word_1_55' title='bbox 645 1534 923 1622; x_wconf 86' lang='lat' dir='ltr'><strong>distinguendum</strong></span> <span class='ocrx_word' id='word_1_56' title='bbox 944 1543 1022 1602; x_wconf 90' lang='lat' dir='ltr'><strong>est:</strong></span> 
     </span>
    </p>

    <p class='ocr_par' dir='ltr' id='par_1_5' title="bbox 289 1647 1422 2534">
     <span class='ocr_line' id='line_1_10' title="bbox 334 1647 1422 1736; baseline 0.002 -22"><span class='ocrx_word' id='word_1_57' title='bbox 334 1649 377 1714; x_wconf 84' lang='lat' dir='ltr'><strong>A.</strong></span> <span class='ocrx_word' id='word_1_58' title='bbox 406 1647 441 1714; x_wconf 89' lang='lat' dir='ltr'><strong>Si</strong></span> <span class='ocrx_word' id='word_1_59' title='bbox 470 1649 503 1712; x_wconf 93' lang='lat' dir='ltr'><strong>hi</strong></span> <span class='ocrx_word' id='word_1_60' title='bbox 531 1648 741 1730; x_wconf 88' lang='lat' dir='ltr'><strong>sacerdotes,</strong></span> <span class='ocrx_word' id='word_1_61' title='bbox 764 1649 1018 1736; x_wconf 85' lang='lat' dir='ltr'><strong>ephemeridum</strong></span> <span class='ocrx_word' id='word_1_62' title='bbox 1051 1649 1298 1732; x_wconf 79' lang='lat' dir='ltr'><strong>moderatores,</strong></span> <span class='ocrx_word' id='word_1_63' title='bbox 1327 1653 1422 1716; x_wconf 88' lang='lat' dir='ltr'><strong>colli-</strong></span> 
     </span>
     <span class='ocr_line' id='line_1_11' title="bbox 289 1762 1422 1850; baseline 0.001 -22"><span class='ocrx_word' id='word_1_64' title='bbox 289 1771 373 1849; x_wconf 76' lang='grc'><strong>9331</strong></span> <span class='ocrx_word' id='word_1_65' title='bbox 403 1764 541 1844; x_wconf 87' lang='lat' dir='ltr'><strong>missas,</strong></span> <span class='ocrx_word' id='word_1_66' title='bbox 568 1762 601 1827; x_wconf 93' lang='lat' dir='ltr'><strong>id</strong></span> <span class='ocrx_word' id='word_1_67' title='bbox 633 1769 700 1844; x_wconf 86' lang='lat' dir='ltr'><strong>cst,</strong></span> <span class='ocrx_word' id='word_1_68' title='bbox 728 1763 844 1828; x_wconf 94' lang='lat' dir='ltr'><strong>sinon</strong></span> <span class='ocrx_word' id='word_1_69' title='bbox 868 1771 1002 1829; x_wconf 87' lang='lat' dir='ltr'><strong>tantum</strong></span> <span class='ocrx_word' id='word_1_70' title='bbox 1031 1763 1215 1850; x_wconf 86' lang='lat' dir='ltr'><strong>disponant</strong></span> <span class='ocrx_word' id='word_1_71' title='bbox 1238 1765 1281 1830; x_wconf 89' lang='lat' dir='ltr'><strong>de</strong></span> <span class='ocrx_word' id='word_1_72' title='bbox 1305 1767 1422 1829; x_wconf 86' lang='lat' dir='ltr'><strong>missis</strong></span> 
     </span>
     <span class='ocr_line' id='line_1_12' title="bbox 290 1877 1420 1967; baseline -0.002 -23"><span class='ocrx_word' id='word_1_73' title='bbox 290 1901 375 1965; x_wconf 91' lang='lat' dir='ltr'><strong>quas</strong></span> <span class='ocrx_word' id='word_1_74' title='bbox 390 1877 455 1944; x_wconf 92' lang='lat' dir='ltr'><strong>sibi</strong></span> <span class='ocrx_word' id='word_1_75' title='bbox 473 1884 593 1966; x_wconf 87' lang='lat' dir='ltr'><strong>sponte</strong></span> <span class='ocrx_word' id='word_1_76' title='bbox 612 1878 758 1942; x_wconf 86' lang='lat' dir='ltr'><strong>ollerunt</strong></span> <span class='ocrx_word' id='word_1_77' title='bbox 777 1877 911 1958; x_wconf 82' lang='lat' dir='ltr'><strong>fideles,</strong></span> <span class='ocrx_word' id='word_1_78' title='bbox 934 1877 995 1942; x_wconf 87' lang='lat' dir='ltr'><strong>sed</strong></span> <span class='ocrx_word' id='word_1_79' title='bbox 1014 1879 1116 1943; x_wconf 88' lang='lat' dir='ltr'><strong>etiam</strong></span> <span class='ocrx_word' id='word_1_80' title='bbox 1135 1885 1254 1966; x_wconf 86' lang='lat' dir='ltr'><strong>petant</strong></span> <span class='ocrx_word' id='word_1_81' title='bbox 1273 1885 1309 1944; x_wconf 86' lang='lat' dir='ltr'><strong>el</strong></span> <span class='ocrx_word' id='word_1_82' title='bbox 1327 1903 1420 1967; x_wconf 75' lang='lat' dir='ltr'><strong>quee-</strong></span> 
     </span>
     <span class='ocr_line' id='line_1_13' title="bbox 290 1990 1421 2080; baseline 0 -24"><span class='ocrx_word' id='word_1_83' title='bbox 290 1999 366 2058; x_wconf 89' lang='lat' dir='ltr'><strong>rant</strong></span> <span class='ocrx_word' id='word_1_84' title='bbox 397 1993 481 2058; x_wconf 88' lang='lat' dir='ltr'><strong>alias</strong></span> <span class='ocrx_word' id='word_1_85' title='bbox 512 1993 649 2074; x_wconf 89' lang='lat' dir='ltr'><strong>missas,</strong></span> <span class='ocrx_word' id='word_1_86' title='bbox 671 2014 757 2080; x_wconf 87' lang='lat' dir='ltr'><strong>quas</strong></span> <span class='ocrx_word' id='word_1_87' title='bbox 788 1990 1020 2056; x_wconf 86' lang='lat' dir='ltr'><strong>sacerdotibus</strong></span> <span class='ocrx_word' id='word_1_88' title='bbox 1050 1993 1226 2058; x_wconf 87' lang='lat' dir='ltr'><strong>associatis</strong></span> <span class='ocrx_word' id='word_1_89' title='bbox 1249 1992 1421 2059; x_wconf 91' lang='lat' dir='ltr'><strong>submini-</strong></span> 
     </span>
     <span class='ocr_line' id='line_1_14' title="bbox 290 2103 1418 2194; baseline 0.004 -25"><span class='ocrx_word' id='word_1_90' title='bbox 290 2113 398 2170; x_wconf 83' lang='lat' dir='ltr'><strong>strare</strong></span> <span class='ocrx_word' id='word_1_91' title='bbox 427 2113 567 2194; x_wconf 89' lang='lat' dir='ltr'><strong>queant,</strong></span> <span class='ocrx_word' id='word_1_92' title='bbox 599 2105 645 2170; x_wconf 88' lang='lat' dir='ltr'><strong>rei</strong></span> <span class='ocrx_word' id='word_1_93' title='bbox 677 2112 757 2170; x_wconf 91' lang='lat' dir='ltr'><strong>sunt</strong></span> <span class='ocrx_word' id='word_1_94' title='bbox 785 2103 946 2192; x_wconf 91' lang='lat' dir='ltr'><strong>prohibiti</strong></span> <span class='ocrx_word' id='word_1_95' title='bbox 974 2105 1195 2172; x_wconf 84' lang='lat' dir='ltr'><strong>mercimonii.</strong></span> <span class='ocrx_word' id='word_1_96' title='bbox 1231 2145 1275 2154; x_wconf 96' lang='lat'><strong>—</strong></span> <span class='ocrx_word' id='word_1_97' title='bbox 1304 2107 1418 2174; x_wconf 87' lang='lat' dir='ltr'><strong>Nam:</strong></span> 
     </span>
     <span class='ocr_line' id='line_1_15' title="bbox 292 2217 1419 2306; baseline 0.002 -24"><span class='ocrx_word' id='word_1_98' title='bbox 292 2217 322 2284; x_wconf 89' lang='lat' dir='ltr'><strong>l.</strong></span> <span class='ocrx_word' id='word_1_99' title='bbox 346 2217 384 2282; x_wconf 90' lang='lat' dir='ltr'><strong>ln</strong></span> <span class='ocrx_word' id='word_1_100' title='bbox 413 2218 576 2293; x_wconf 79' lang='lat' dir='ltr'><strong>decretis,</strong></span> <span class='ocrx_word' id='word_1_101' title='bbox 599 2219 641 2283; x_wconf 90' lang='lat' dir='ltr'><strong>ad</strong></span> <span class='ocrx_word' id='word_1_102' title='bbox 668 2221 702 2300; x_wconf 98' lang='grc'><strong>1,</strong></span> <span class='ocrx_word' id='word_1_103' title='bbox 726 2219 947 2306; x_wconf 82' lang='lat' dir='ltr'><strong>prohibetur:</strong></span> <span class='ocrx_word' id='word_1_104' title='bbox 979 2246 995 2278; x_wconf 77' lang='lat' dir='ltr'><strong>a</strong></span> <span class='ocrx_word' id='word_1_105' title='bbox 1017 2242 1133 2284; x_wconf 89' lang='lat' dir='ltr'><strong>eorum</strong></span> <span class='ocrx_word' id='word_1_106' title='bbox 1158 2219 1419 2306; x_wconf 80' lang='lat' dir='ltr'><strong>bibliopolarum</strong></span> 
     </span>
     <span class='ocr_line' id='line_1_16' title="bbox 289 2332 1420 2421; baseline 0.002 -27"><span class='ocrx_word' id='word_1_107' title='bbox 289 2332 345 2396; x_wconf 86' lang='lat' dir='ltr'><strong>vel</strong></span> <span class='ocrx_word' id='word_1_108' title='bbox 369 2339 594 2396; x_wconf 89' lang='lat' dir='ltr'><strong>mercatorum</strong></span> <span class='ocrx_word' id='word_1_109' title='bbox 618 2333 741 2418; x_wconf 84' lang='lat' dir='ltr'><strong>agendi</strong></span> <span class='ocrx_word' id='word_1_110' title='bbox 760 2333 864 2416; x_wconf 85' lang='lat' dir='ltr'><strong>ratic,</strong></span> <span class='ocrx_word' id='word_1_111' title='bbox 886 2334 961 2421; x_wconf 87' lang='lat' dir='ltr'><strong>qui,</strong></span> <span class='ocrx_word' id='word_1_112' title='bbox 983 2333 1144 2399; x_wconf 76' lang='lat' dir='ltr'><strong>adhibitis</strong></span> <span class='ocrx_word' id='word_1_113' title='bbox 1167 2333 1315 2420; x_wconf 91' lang='lat' dir='ltr'><strong>publicis</strong></span> <span class='ocrx_word' id='word_1_114' title='bbox 1335 2333 1420 2398; x_wconf 88' lang='lat' dir='ltr'><strong>invi-</strong></span> 
     </span>
     <span class='ocr_line' id='line_1_17' title="bbox 290 2445 1418 2534; baseline 0 -24"><span class='ocrx_word' id='word_1_115' title='bbox 290 2445 451 2526; x_wconf 85' lang='lat' dir='ltr'><strong>tamentis</strong></span> <span class='ocrx_word' id='word_1_116' title='bbox 466 2453 500 2510; x_wconf 88' lang='lat' dir='ltr'><strong>et</strong></span> <span class='ocrx_word' id='word_1_117' title='bbox 520 2446 684 2533; x_wconf 71' lang='lat' dir='ltr'><strong>preemiis,</strong></span> <span class='ocrx_word' id='word_1_118' title='bbox 707 2447 759 2512; x_wconf 78' lang='lat' dir='ltr'><strong>vol</strong></span> <span class='ocrx_word' id='word_1_119' title='bbox 778 2447 844 2512; x_wconf 81' lang='lat' dir='ltr'><strong>elio</strong></span> <span class='ocrx_word' id='word_1_120' title='bbox 863 2469 1079 2534; x_wconf 82' lang='lat' dir='ltr'><strong>quocumque</strong></span> <span class='ocrx_word' id='word_1_121' title='bbox 1103 2447 1218 2531; x_wconf 87' lang='lat' dir='ltr'><strong>modo,</strong></span> <span class='ocrx_word' id='word_1_122' title='bbox 1237 2449 1418 2512; x_wconf 81' lang='lat' dir='ltr'><strong>missarum</strong></span> 
     </span>
    </p>
   </div>
   <div class='ocr_carea' id='block_1_4' title="bbox 290 2559 1419 2763">
    <p class='ocr_par' dir='ltr' id='par_1_6' title="bbox 290 2559 1419 2763">
     <span class='ocr_line' id='line_1_18' title="bbox 290 2559 1419 2650; baseline 0.002 -26"><span class='ocrx_word' id='word_1_123' title='bbox 290 2559 517 2646; x_wconf 76' lang='lat' dir='ltr'><strong>eleemosynas</strong></span> <span class='ocrx_word' id='word_1_124' title='bbox 545 2561 730 2646; x_wconf 74' lang='lat' dir='ltr'><strong>colliqunt,</strong></span> <span class='ocrx_word' id='word_1_125' title='bbox 759 2569 793 2626; x_wconf 86' lang='lat' dir='ltr'><strong>et</strong></span> <span class='ocrx_word' id='word_1_126' title='bbox 821 2561 1070 2642; x_wconf 86' lang='lat' dir='ltr'><strong>sacerdotibus,</strong></span> <span class='ocrx_word' id='word_1_127' title='bbox 1092 2568 1157 2627; x_wconf 88' lang='lat' dir='ltr'><strong>etc.</strong></span> <span class='ocrx_word' id='word_1_128' title='bbox 1182 2589 1198 2622; x_wconf 90' lang='lat'>»</span> <span class='ocrx_word' id='word_1_129' title='bbox 1231 2561 1356 2650; x_wconf 81' lang='lat' dir='ltr'><strong>Atqui,</strong></span> <span class='ocrx_word' id='word_1_130' title='bbox 1382 2569 1419 2626; x_wconf 94' lang='lat' dir='ltr'><strong>ut</strong></span> 
     </span>
     <span class='ocr_line' id='line_1_19' title="bbox 291 2674 1419 2763; baseline -0.002 -23"><span class='ocrx_word' id='word_1_131' title='bbox 291 2674 505 2762; x_wconf 87' lang='lat' dir='ltr'><strong>supponitur,</strong></span> <span class='ocrx_word' id='word_1_132' title='bbox 528 2675 680 2763; x_wconf 76' lang='lat' dir='ltr'><strong>praedicti</strong></span> <span class='ocrx_word' id='word_1_133' title='bbox 700 2676 892 2741; x_wconf 87' lang='lat' dir='ltr'><strong>sacerdotes</strong></span> <span class='ocrx_word' id='word_1_134' title='bbox 911 2675 1078 2761; x_wconf 75' lang='lat' dir='ltr'><strong>colliqunt</strong></span> <span class='ocrx_word' id='word_1_135' title='bbox 1097 2676 1235 2755; x_wconf 90' lang='lat' dir='ltr'><strong>missas,</strong></span> <span class='ocrx_word' id='word_1_136' title='bbox 1257 2675 1337 2742; x_wconf 89' lang='lat' dir='ltr'><strong>licet</strong></span> <span class='ocrx_word' id='word_1_137' title='bbox 1356 2675 1419 2739; x_wconf 84' lang='lat' dir='ltr'><strong>lor·</strong></span> 
     </span>
    </p>
   </div>
   <div class='ocr_carea' id='block_1_5' title="bbox 243 2789 1495 4356">
    <p class='ocr_par' dir='ltr' id='par_1_7' title="bbox 243 2789 1495 4356">
     <span class='ocr_line' id='line_1_20' title="bbox 291 2789 1419 2878; baseline -0.002 -22"><span class='ocrx_word' id='word_1_138' title='bbox 291 2813 351 2856; x_wconf 84' lang='lat' dir='ltr'><strong>san</strong></span> <span class='ocrx_word' id='word_1_139' title='bbox 372 2813 439 2854; x_wconf 95' lang='lat' dir='ltr'><strong>non</strong></span> <span class='ocrx_word' id='word_1_140' title='bbox 455 2789 606 2878; x_wconf 87' lang='lat' dir='ltr'><strong>publice,</strong></span> <span class='ocrx_word' id='word_1_141' title='bbox 624 2797 776 2856; x_wconf 85' lang='lat' dir='ltr'><strong>attamen</strong></span> <span class='ocrx_word' id='word_1_142' title='bbox 800 2811 879 2854; x_wconf 88' lang='lat' dir='ltr'><strong>vere</strong></span> <span class='ocrx_word' id='word_1_143' title='bbox 899 2797 933 2855; x_wconf 87' lang='lat' dir='ltr'><strong>et</strong></span> <span class='ocrx_word' id='word_1_144' title='bbox 952 2789 1147 2872; x_wconf 83' lang='lat' dir='ltr'><strong>efficaciter,</strong></span> <span class='ocrx_word' id='word_1_145' title='bbox 1168 2796 1206 2854; x_wconf 90' lang='lat' dir='ltr'><strong>ut</strong></span> <span class='ocrx_word' id='word_1_146' title='bbox 1225 2789 1419 2854; x_wconf 77' lang='lat' dir='ltr'><strong>satisfacere</strong></span> 
     </span>
     <span class='ocr_line' id='line_1_21' title="bbox 292 2902 1418 2993; baseline -0.004 -23"><span class='ocrx_word' id='word_1_147' title='bbox 292 2911 418 2993; x_wconf 86' lang='lat' dir='ltr'><strong>queant</strong></span> <span class='ocrx_word' id='word_1_148' title='bbox 431 2904 662 2970; x_wconf 88' lang='lat' dir='ltr'><strong>sacerdotibus</strong></span> <span class='ocrx_word' id='word_1_149' title='bbox 679 2904 866 2970; x_wconf 89' lang='lat' dir='ltr'><strong>associatis.</strong></span> <span class='ocrx_word' id='word_1_150' title='bbox 881 2904 969 2990; x_wconf 83' lang='lat' dir='ltr'><strong>Ergo</strong></span> <span class='ocrx_word' id='word_1_151' title='bbox 987 2902 1142 2969; x_wconf 89' lang='lat' dir='ltr'><strong>incidunt</strong></span> <span class='ocrx_word' id='word_1_152' title='bbox 1157 2903 1192 2968; x_wconf 93' lang='lat' dir='ltr'><strong>in</strong></span> <span class='ocrx_word' id='word_1_153' title='bbox 1211 2903 1418 2990; x_wconf 89' lang='lat' dir='ltr'><strong>prohibitum</strong></span> 
     </span>
     <span class='ocr_line' id='line_1_22' title="bbox 291 3017 1419 3105; baseline -0.001 -22"><span class='ocrx_word' id='word_1_154' title='bbox 291 3019 560 3086; x_wconf 88' lang='lat' dir='ltr'><strong>mercimonium.</strong></span> <span class='ocrx_word' id='word_1_155' title='bbox 583 3058 626 3068; x_wconf 90' lang='lat'>—</span> <span class='ocrx_word' id='word_1_156' title='bbox 650 3019 682 3084; x_wconf 84' lang='lat'><strong>2.</strong></span> <span class='ocrx_word' id='word_1_157' title='bbox 705 3019 774 3082; x_wconf 86' lang='lat' dir='ltr'><strong>Nec</strong></span> <span class='ocrx_word' id='word_1_158' title='bbox 799 3018 901 3083; x_wconf 83' lang='lat' dir='ltr'><strong>refert</strong></span> <span class='ocrx_word' id='word_1_159' title='bbox 920 3017 1011 3105; x_wconf 93' lang='lat' dir='ltr'><strong>quod</strong></span> <span class='ocrx_word' id='word_1_160' title='bbox 1034 3040 1104 3082; x_wconf 90' lang='lat' dir='ltr'><strong>non</strong></span> <span class='ocrx_word' id='word_1_161' title='bbox 1132 3017 1201 3082; x_wconf 92' lang='lat' dir='ltr'><strong>sint</strong></span> <span class='ocrx_word' id='word_1_162' title='bbox 1229 3017 1419 3104; x_wconf 70' lang='lat' dir='ltr'><strong>bibliopola</strong></span> 
     </span>
     <span class='ocr_line' id='line_1_23' title="bbox 292 3131 1418 3220; baseline -0.004 -22"><span class='ocrx_word' id='word_1_163' title='bbox 292 3155 403 3220; x_wconf 89' lang='lat' dir='ltr'><strong>neque</strong></span> <span class='ocrx_word' id='word_1_164' title='bbox 420 3141 620 3198; x_wconf 81' lang='lat' dir='ltr'><strong>mercatores</strong></span> <span class='ocrx_word' id='word_1_165' title='bbox 626 3152 640 3216; x_wconf 86' lang='grc'><strong>,·</strong></span> <span class='ocrx_word' id='word_1_166' title='bbox 652 3155 743 3214; x_wconf 89' lang='lat' dir='ltr'><strong>nam,</strong></span> <span class='ocrx_word' id='word_1_167' title='bbox 759 3131 794 3197; x_wconf 94' lang='lat' dir='ltr'><strong>id</strong></span> <span class='ocrx_word' id='word_1_168' title='bbox 808 3131 898 3220; x_wconf 92' lang='lat' dir='ltr'><strong>quod</strong></span> <span class='ocrx_word' id='word_1_169' title='bbox 916 3132 1108 3212; x_wconf 88' lang='lat' dir='ltr'><strong>damnatur,</strong></span> <span class='ocrx_word' id='word_1_170' title='bbox 1122 3154 1190 3195; x_wconf 91' lang='lat' dir='ltr'><strong>non</strong></span> <span class='ocrx_word' id='word_1_171' title='bbox 1210 3139 1262 3198; x_wconf 88' lang='lat' dir='ltr'><strong>est</strong></span> <span class='ocrx_word' id='word_1_172' title='bbox 1277 3153 1418 3218; x_wconf 84' lang='lat' dir='ltr'><strong>persona</strong></span> 
     </span>
     <span class='ocr_line' id='line_1_24' title="bbox 243 3245 1419 3336; baseline -0.002 -26"><span class='ocrx_word' id='word_1_173' title='bbox 243 3327 248 3336; x_wconf 29' lang='lat'>¹</span> <span class='ocrx_word' id='word_1_174' title='bbox 292 3251 351 3310; x_wconf 86' lang='lat' dir='ltr'><strong>aut</strong></span> <span class='ocrx_word' id='word_1_175' title='bbox 381 3245 528 3331; x_wconf 87' lang='lat' dir='ltr'><strong>qualitas</strong></span> <span class='ocrx_word' id='word_1_176' title='bbox 551 3246 835 3331; x_wconf 76' lang='lat' dir='ltr'><strong>bibliopolarum,</strong></span> <span class='ocrx_word' id='word_1_177' title='bbox 868 3245 928 3310; x_wconf 89' lang='lat' dir='ltr'><strong>sed</strong></span> <span class='ocrx_word' id='word_1_178' title='bbox 959 3267 1074 3310; x_wconf 90' lang='lat' dir='ltr'><strong>eorum</strong></span> <span class='ocrx_word' id='word_1_179' title='bbox 1104 3245 1227 3331; x_wconf 78' lang='lat' dir='ltr'><strong>apendi</strong></span> <span class='ocrx_word' id='word_1_180' title='bbox 1251 3247 1358 3328; x_wconf 84' lang='lat' dir='ltr'><strong>ratio,</strong></span> <span class='ocrx_word' id='word_1_181' title='bbox 1383 3251 1419 3309; x_wconf 87' lang='lat' dir='ltr'><strong>ul</strong></span> 
     </span>
     <span class='ocr_line' id='line_1_25' title="bbox 293 3357 1419 3446; baseline -0.002 -24"><span class='ocrx_word' id='word_1_182' title='bbox 293 3363 426 3422; x_wconf 88' lang='lat' dir='ltr'><strong>constat</strong></span> <span class='ocrx_word' id='word_1_183' title='bbox 445 3380 486 3422; x_wconf 91' lang='lat' dir='ltr'><strong>ex</strong></span> <span class='ocrx_word' id='word_1_184' title='bbox 506 3365 602 3423; x_wconf 86' lang='lat' dir='ltr'><strong>textu</strong></span> <span class='ocrx_word' id='word_1_185' title='bbox 623 3360 846 3440; x_wconf 91' lang='lat' dir='ltr'><strong>decretorum,</strong></span> <span class='ocrx_word' id='word_1_186' title='bbox 865 3359 955 3439; x_wconf 89' lang='lat' dir='ltr'><strong>adl,</strong></span> <span class='ocrx_word' id='word_1_187' title='bbox 973 3359 1005 3440; x_wconf 84' lang='lat'><strong>2,</strong></span> <span class='ocrx_word' id='word_1_188' title='bbox 1024 3359 1061 3439; x_wconf 79' lang='lat'><strong>33</strong></span> <span class='ocrx_word' id='word_1_189' title='bbox 1079 3359 1174 3446; x_wconf 90' lang='lat' dir='ltr'><strong>atqui</strong></span> <span class='ocrx_word' id='word_1_190' title='bbox 1193 3358 1317 3445; x_wconf 87' lang='lat' dir='ltr'><strong>agendi</strong></span> <span class='ocrx_word' id='word_1_191' title='bbox 1337 3357 1419 3424; x_wconf 86' lang='lat' dir='ltr'><strong>ratio</strong></span> 
     </span>
     <span class='ocr_line' id='line_1_26' title="bbox 293 3471 1418 3560; baseline -0.002 -24"><span class='ocrx_word' id='word_1_192' title='bbox 293 3471 531 3560; x_wconf 74' lang='lat' dir='ltr'><strong>praedictorum</strong></span> <span class='ocrx_word' id='word_1_193' title='bbox 547 3473 761 3538; x_wconf 89' lang='lat' dir='ltr'><strong>sacerdotum</strong></span> <span class='ocrx_word' id='word_1_194' title='bbox 777 3479 828 3538; x_wconf 89' lang='lat' dir='ltr'><strong>est</strong></span> <span class='ocrx_word' id='word_1_195' title='bbox 843 3473 1035 3556; x_wconf 82' lang='lat' dir='ltr'><strong>simillima,</strong></span> <span class='ocrx_word' id='word_1_196' title='bbox 1053 3473 1120 3536; x_wconf 91' lang='lat' dir='ltr'><strong>imo</strong></span> <span class='ocrx_word' id='word_1_197' title='bbox 1137 3473 1280 3537; x_wconf 87' lang='lat' dir='ltr'><strong>identica</strong></span> <span class='ocrx_word' id='word_1_198' title='bbox 1301 3471 1418 3558; x_wconf 81' lang='lat' dir='ltr'><strong>agendi</strong></span> 
     </span>
     <span class='ocr_line' id='line_1_27' title="bbox 294 3585 1420 3674; baseline -0.003 -22"><span class='ocrx_word' id='word_1_199' title='bbox 294 3587 416 3652; x_wconf 90' lang='lat' dir='ltr'><strong>rationi</strong></span> <span class='ocrx_word' id='word_1_200' title='bbox 445 3589 688 3668; x_wconf 85' lang='lat' dir='ltr'><strong>mercatorum;</strong></span> <span class='ocrx_word' id='word_1_201' title='bbox 722 3609 818 3674; x_wconf 86' lang='lat' dir='ltr'><strong>ergo,</strong></span> <span class='ocrx_word' id='word_1_202' title='bbox 845 3585 945 3674; x_wconf 85' lang='lat' dir='ltr'><strong>juxta</strong></span> <span class='ocrx_word' id='word_1_203' title='bbox 967 3585 1103 3672; x_wconf 81' lang='lat' dir='ltr'><strong>regulas</strong></span> <span class='ocrx_word' id='word_1_204' title='bbox 1131 3585 1420 3672; x_wconf 88' lang='lat' dir='ltr'><strong>interpretationis</strong></span> 
     </span>
     <span class='ocr_line' id='line_1_28' title="bbox 294 3699 1420 3788; baseline -0.004 -22"><span class='ocrx_word' id='word_1_205' title='bbox 294 3701 421 3788; x_wconf 84' lang='lat' dir='ltr'><strong>legum,</strong></span> <span class='ocrx_word' id='word_1_206' title='bbox 434 3701 642 3782; x_wconf 85' lang='lat' dir='ltr'><strong>sacerdotes,</strong></span> <span class='ocrx_word' id='word_1_207' title='bbox 658 3701 699 3765; x_wconf 91' lang='lat' dir='ltr'><strong>de</strong></span> <span class='ocrx_word' id='word_1_208' title='bbox 712 3699 835 3788; x_wconf 90' lang='lat' dir='ltr'><strong>quibus</strong></span> <span class='ocrx_word' id='word_1_209' title='bbox 850 3700 973 3788; x_wconf 82' lang='lat' dir='ltr'><strong>agitur,</strong></span> <span class='ocrx_word' id='word_1_210' title='bbox 988 3699 1141 3765; x_wconf 88' lang='lat' dir='ltr'><strong>eamdem</strong></span> <span class='ocrx_word' id='word_1_211' title='bbox 1154 3700 1334 3765; x_wconf 88' lang='lat' dir='ltr'><strong>incurrunt</strong></span> <span class='ocrx_word' id='word_1_212' title='bbox 1346 3723 1420 3786; x_wconf 89' lang='lat' dir='ltr'><strong>pro-</strong></span> 
     </span>
     <span class='ocr_line' id='line_1_29' title="bbox 294 3811 1495 3900; baseline 0 -22"><span class='ocrx_word' id='word_1_213' title='bbox 294 3815 515 3896; x_wconf 86' lang='lat' dir='ltr'><strong>hibitionem;</strong></span> <span class='ocrx_word' id='word_1_214' title='bbox 537 3815 636 3895; x_wconf 86' lang='lat' dir='ltr'><strong>alias,</strong></span> <span class='ocrx_word' id='word_1_215' title='bbox 657 3815 854 3879; x_wconf 87' lang='lat' dir='ltr'><strong>immunitas</strong></span> <span class='ocrx_word' id='word_1_216' title='bbox 867 3814 1081 3880; x_wconf 90' lang='lat' dir='ltr'><strong>sacerdotum</strong></span> <span class='ocrx_word' id='word_1_217' title='bbox 1100 3811 1142 3878; x_wconf 86' lang='lat' dir='ltr'><strong>ab</strong></span> <span class='ocrx_word' id='word_1_218' title='bbox 1161 3813 1224 3878; x_wconf 89' lang='lat' dir='ltr'><strong>hac</strong></span> <span class='ocrx_word' id='word_1_219' title='bbox 1243 3813 1319 3900; x_wconf 85' lang='lat' dir='ltr'><strong>lege</strong></span> <span class='ocrx_word' id='word_1_220' title='bbox 1335 3819 1421 3879; x_wconf 85' lang='lat' dir='ltr'><strong>essct</strong></span> <span class='ocrx_word' id='word_1_221' title='bbox 1493 3829 1495 3834; x_wconf 87' lang='grc'><strong>’</strong></span> 
     </span>
     <span class='ocr_line' id='line_1_30' title="bbox 295 3927 1419 4018; baseline -0.003 -24"><span class='ocrx_word' id='word_1_222' title='bbox 295 3929 377 4018; x_wconf 93' lang='lat' dir='ltr'><strong>quid</strong></span> <span class='ocrx_word' id='word_1_223' title='bbox 388 3930 506 4018; x_wconf 90' lang='lat' dir='ltr'><strong>injusti</strong></span> <span class='ocrx_word' id='word_1_224' title='bbox 517 3938 551 3994; x_wconf 90' lang='grc'><strong>31</strong></span> <span class='ocrx_word' id='word_1_225' title='bbox 563 3929 716 4010; x_wconf 77' lang='lat' dir='ltr'><strong>absurdi3</strong></span> <span class='ocrx_word' id='word_1_226' title='bbox 733 3967 777 3978; x_wconf 94' lang='lat'>—</span> <span class='ocrx_word' id='word_1_227' title='bbox 792 3929 824 3995; x_wconf 90' lang='lat'><strong>3.</strong></span> <span class='ocrx_word' id='word_1_228' title='bbox 843 3927 932 4010; x_wconf 81' lang='lat' dir='ltr'><strong>Ima,</strong></span> <span class='ocrx_word' id='word_1_229' title='bbox 950 3951 992 3994; x_wconf 85' lang='lat' dir='ltr'><strong>ex</strong></span> <span class='ocrx_word' id='word_1_230' title='bbox 1008 3928 1128 3992; x_wconf 88' lang='lat' dir='ltr'><strong>iisdem</strong></span> <span class='ocrx_word' id='word_1_231' title='bbox 1145 3927 1308 4006; x_wconf 88' lang='lat' dir='ltr'><strong>decretis,</strong></span> <span class='ocrx_word' id='word_1_232' title='bbox 1330 3928 1374 3992; x_wconf 87' lang='lat' dir='ltr'><strong>ad</strong></span> <span class='ocrx_word' id='word_1_233' title='bbox 1388 3927 1419 4006; x_wconf 77' lang='lat' dir='ltr'><strong>l,</strong></span> 
     </span>
     <span class='ocr_line' id='line_1_31' title="bbox 295 4040 1421 4130; baseline -0.004 -20"><span class='ocrx_word' id='word_1_234' title='bbox 295 4050 430 4110; x_wconf 89' lang='lat' dir='ltr'><strong>constat</strong></span> <span class='ocrx_word' id='word_1_235' title='bbox 449 4044 586 4110; x_wconf 88' lang='lat' dir='ltr'><strong>Sacram</strong></span> <span class='ocrx_word' id='word_1_236' title='bbox 607 4043 913 4130; x_wconf 79' lang='lat' dir='ltr'><strong>Congregationem</strong></span> <span class='ocrx_word' id='word_1_237' title='bbox 933 4041 968 4106; x_wconf 90' lang='lat' dir='ltr'><strong>in</strong></span> <span class='ocrx_word' id='word_1_238' title='bbox 993 4065 1053 4106; x_wconf 85' lang='lat' dir='ltr'><strong>sua</strong></span> <span class='ocrx_word' id='word_1_239' title='bbox 1068 4040 1296 4128; x_wconf 90' lang='lat' dir='ltr'><strong>prohibitione</strong></span> <span class='ocrx_word' id='word_1_240' title='bbox 1314 4041 1421 4106; x_wconf 90' lang='lat' dir='ltr'><strong>inclu-</strong></span> 
     </span>
     <span class='ocr_line' id='line_1_32' title="bbox 296 4153 1422 4244; baseline -0.004 -20"><span class='ocrx_word' id='word_1_241' title='bbox 296 4158 395 4240; x_wconf 86' lang='lat' dir='ltr'><strong>sisse,</strong></span> <span class='ocrx_word' id='word_1_242' title='bbox 410 4181 478 4223; x_wconf 91' lang='lat' dir='ltr'><strong>non</strong></span> <span class='ocrx_word' id='word_1_243' title='bbox 492 4166 625 4225; x_wconf 88' lang='lat' dir='ltr'><strong>tantum</strong></span> <span class='ocrx_word' id='word_1_244' title='bbox 638 4157 839 4244; x_wconf 86' lang='lat' dir='ltr'><strong>bibliopolas</strong></span> <span class='ocrx_word' id='word_1_245' title='bbox 859 4163 893 4221; x_wconf 88' lang='lat' dir='ltr'><strong>et</strong></span> <span class='ocrx_word' id='word_1_246' title='bbox 911 4164 1131 4238; x_wconf 72' lang='grc'><strong>3333313333,</strong></span> <span class='ocrx_word' id='word_1_247' title='bbox 1149 4153 1324 4220; x_wconf 89' lang='lat' dir='ltr'><strong>sedetiam</strong></span> <span class='ocrx_word' id='word_1_248' title='bbox 1340 4155 1422 4220; x_wconf 82' lang='lat' dir='ltr'><strong>alios</strong></span> 
     </span>
     <span class='ocr_line' id='line_1_33' title="bbox 297 4269 1422 4356; baseline -0.004 -20"><span class='ocrx_word' id='word_1_249' title='bbox 297 4271 488 4348; x_wconf 79' lang='lat' dir='ltr'><strong>collectores</strong></span> <span class='ocrx_word' id='word_1_250' title='bbox 493 4292 507 4356; x_wconf 80' lang='lat'><strong>,¹</strong></span> <span class='ocrx_word' id='word_1_251' title='bbox 525 4273 571 4337; x_wconf 89' lang='lat' dir='ltr'><strong>ibi</strong></span> <span class='ocrx_word' id='word_1_252' title='bbox 589 4273 681 4337; x_wconf 83' lang='lat' dir='ltr'><strong>eninr</strong></span> <span class='ocrx_word' id='word_1_253' title='bbox 701 4271 880 4336; x_wconf 87' lang='lat' dir='ltr'><strong>damnatur</strong></span> <span class='ocrx_word' id='word_1_254' title='bbox 893 4271 1081 4356; x_wconf 83' lang='lat' dir='ltr'><strong>cooperatio</strong></span> <span class='ocrx_word' id='word_1_255' title='bbox 1096 4292 1213 4335; x_wconf 91' lang='lat' dir='ltr'><strong>eorum</strong></span> <span class='ocrx_word' id='word_1_256' title='bbox 1227 4269 1286 4356; x_wconf 93' lang='lat' dir='ltr'><strong>qui</strong></span> <span class='ocrx_word' id='word_1_257' title='bbox 1301 4269 1422 4333; x_wconf 86' lang='lat' dir='ltr'><strong>missas</strong></span> 
     </span>
    </p>
   </div>
   <div class='ocr_carea' id='block_1_6' title="bbox 0 0 1604 5024">
    <p class='ocr_par' dir='ltr' id='par_1_8' title="bbox 0 0 1604 5024">
     <span class='ocr_line' id='line_1_34' title="bbox 0 0 1604 5024; baseline 0 0"><span class='ocrx_word' id='word_1_258' title='bbox 0 0 1604 5024; x_wconf 95' lang='lat' dir='ltr'><strong> </strong></span> 
     </span>
    </p>
   </div>
  </div>
 </body>
</html>
