3224 5044
366 476 409 526 DE
428 474 601 527 ulssluuu
621 475 851 528 ELEEIIOSYNIS
870 444 1080 528 nantelinus
1251 476 1286 530 95

156 627 269 686 tractu
292 642 361 684 non
382 627 528 707 possunt
546 620 800 708 proportionem
831 621 1065 708 praetergredi,
1094 644 1197 710 quam
1219 623 1285 689 loci

156 733 357 801 Ordinarius
377 733 628 799 determinavit.
654 761 669 794 n

201 947 269 1014 45.
295 985 339 996 —
364 947 574 1024 Quantitas
605 952 719 1015 taxae.
747 947 866 1012 —De
891 948 1082 1036 quantitate
1106 957 1193 1015 taxae
1213 951 1284 1016 haee

157 1059 331 1127 dicenda:

204 1177 236 1238 1⁰
255 1175 306 1239 De
326 1197 365 1240 en
385 1196 452 1238 non
472 1179 586 1262 potest
605 1180 697 1239 certa
721 1175 981 1242 etuniversalis
1003 1177 1136 1264 regula,
1158 1177 1283 1268 ubique

156 1288 397 1370 custodienda,
427 1287 548 1370 statui,
579 1309 657 1351 cum
687 1285 769 1352 alibi
799 1288 980 1376 majorem,
1009 1288 1090 1354 alibi
1118 1289 1283 1356 minorem

157 1425 233 1467 eam
252 1425 326 1467 esse
346 1401 480 1482 deceat,
497 1401 597 1489 juxta
616 1400 710 1466 varia
729 1399 890 1488 adjuncta
908 1401 1077 1484 locorum,
1100 1411 1135 1469 et
1151 1411 1284 1492 tempo-

158 1519 268 1596 rum¹;
298 1516 442 1604 ideoque
470 1538 565 1580 conc.
589 1515 680 1580 Trid.
707 1522 742 1580 et
765 1515 801 1582 S.
824 1516 950 1605 Congr.
980 1517 1084 1583 Conc.
1111 1541 1186 1584 eam
1207 1519 1285 1606 Epi-

157 1631 269 1719 seopis
289 1629 516 1694 definiendam
536 1629 756 1718 reliquerunt.

202 1745 236 1808 2ο
262 1743 366 1808 Nullo
395 1744 496 1809 modo
527 1743 755 1810 necessarium
783 1751 851 1824 est,
883 1745 930 1809 ait
961 1745 1165 1812 Benedictus
1190 1747 1281 1830 XIV,

158 1885 180 1968 (ἑ
204 1865 243 1923 ut
261 1857 477 1945 eleemosyna
503 1863 598 1922 tenta
627 1857 687 1938 sit,
714 1880 789 1945 quae
814 1859 984 1943 intepram
1007 1861 1284 1926 sustentationem

157 1972 326 2037 sacerdoti
358 1995 398 2038 ee
431 1972 501 2054 die,
535 1995 601 2059 qua
639 1969 804 2054 celebrat,
841 1972 1073 2060 suppeditet¹;
1110 2001 1125 2034 »
1165 1997 1244 2039 nem
1273 1995 1281 2042 ε

159 2089 188 2150 l.
224 2087 325 2151 Actio
358 2086 570 2151 sacrificandi
600 2108 669 2150 non
700 2085 841 2173 requirit
877 2085 1049 2174 integrum
1080 2087 1187 2170 diem,
1223 2111 1285 2154 nec

157 2200 321 2288 majorem
349 2202 423 2289 ejus
453 2206 602 2289 partem,
634 2207 674 2266 ut
702 2201 750 2266 eit
777 2199 934 2283 Suerez³,
956 2200 1051 2283 licet,
1079 2209 1118 2268 ut
1148 2202 1284 2269 aliunde

157 2315 306 2380 advertit
336 2316 377 2380 de
403 2315 531 2402 Lugo⁴,
565 2313 746 2380 celebratio
779 2315 941 2403 impediet
971 2317 1196 2398 sacerdotem,
1224 2341 1286 2405 per

157 2436 211 2496 sat
226 2453 384 2516 magnam
404 2429 471 2494 diei
485 2435 632 2516 partem,
648 2427 691 2494 eb
705 2427 863 2516 operibus
877 2429 1036 2512 lucrosis;
1054 2469 1098 2480 —
1117 2431 1148 2496 2.
1168 2430 1287 2497 Sacer-

156 2545 220 2609 dos
239 2566 308 2608 non
331 2543 443 2632 potuit
461 2544 609 2631 recipere
633 2567 747 2609 sacros
771 2543 922 2626 ordines,
944 2545 1016 2610 sine
1040 2544 1203 2610 beneficio
1227 2553 1285 2611 aut

157 2659 362 2748 patrimonio
389 2659 432 2724 ad
454 2658 737 2724 sustentationem
759 2679 925 2745 congium
954 2657 1044 2723 unde
1073 2682 1141 2724 non
1174 2659 1286 2748 requi-

158 2772 264 2838 renda
283 2779 335 2838 est
353 2779 425 2838 tota
445 2772 648 2838 sustentatio
667 2795 709 2838 ex
728 2769 954 2837 celebratione
973 2772 1164 2837 missarum.

205 2887 239 2953 3⁰
257 2887 358 2952 Varie
377 2910 451 2953 esse
474 2893 588 2976 potest
607 2893 686 2952 taxa
709 2909 770 2974 pro
790 2885 892 2950 variis
916 2885 1084 2973 adjunctis
1104 2885 1285 2951 missarum

158 2999 454 3082 celebrandarum,
486 3025 519 3066 v.
555 3024 604 3089 g.,
638 3001 737 3081 horn,
768 3005 887 3080 cantu,
918 2999 1070 3064 locorum
1104 2999 1281 3082 distentia,

158 3115 384 3205 perpetuitate
403 3115 515 3180 oneris
533 3114 711 3202 assumpti.
735 3113 821 3179 Item
841 3113 964 3178 mutari
993 3120 1123 3201 potest,
1146 3113 1286 3178 mutetis

158 3252 272 3295 rerum
292 3229 472 3317 adjunctis.

205 3466 274 3535 46.
294 3505 338 3515 —
368 3466 569 3543 QuaerItur
594 3463 684 3540 Quid
707 3465 888 3529 dicendum
911 3465 952 3529 de
970 3463 1202 3530 sacerdotibus
1225 3466 1286 3552 qui

156 3581 338 3668 pecuniam
356 3581 498 3665 exiqunt
518 3580 569 3644 vel
587 3580 757 3665 accipiunt
775 3601 880 3665 supra
900 3579 951 3643 vel
975 3579 1069 3664 infra
1090 3585 1217 3643 tecam.

105 3699 111 3710 '
208 3694 240 3758 l⁰
259 3693 406 3760 Omnino
425 3692 633 3781 prohibitum
653 3701 706 3759 est
724 3694 857 3780 aliquid
876 3693 1008 3778 ccipere
1026 3713 1131 3777 cupre
1153 3699 1288 3774 teaeem;

160 3807 252 3897 quod
279 3815 412 3874 constat
439 3831 480 3872 ex
502 3807 612 3873 dictis.
636 3806 778 3895 Insuper
804 3807 874 3872 haee
894 3806 1042 3886 exactio,
1064 3827 1132 3870 non
1151 3811 1286 3870 tantum

194 4047 202 4079 ¹
219 4045 260 4094 lta
275 4045 437 4094 Benedictus
452 4044 524 4104 xlv,
542 4043 618 4102 ibid,
635 4059 660 4092 n.
677 4047 730 4092 188.

193 4129 205 4163 ἱ
257 4125 262 4135 .

194 4125 338 4270 ³Iduplbrt.
355 4205 397 4254 III
409 4205 441 4254 D.
455 4205 575 4262 Ybomre,
592 4205 662 4267 disp.
680 4203 829 4260 LXXXVI,
845 4206 911 4254 sect.
929 4219 959 4262 n,
974 4218 999 4251 n.
1014 4207 1036 4250 5.

194 4287 256 4336 ⁴De
270 4299 339 4336 caer.
356 4285 451 4344 Eueb„
467 4287 536 4348 disp.
553 4283 629 4344 XXI,
646 4299 672 4332 n.
688 4287 726 4332 25.
