3224 5044
328 449 378 502 124
809 450 852 501 DE
871 451 970 502 iussa

326 595 475 661 districte
489 595 651 681 prohihet
670 617 710 659 ne
729 595 763 659 in
778 602 956 681 posterum
974 618 1074 661 onera
1086 603 1251 681 perpetua
1265 596 1459 681 suscipiant

327 711 508 775 missarum
527 709 823 794 celebrandarum,
844 711 1020 774 saculares
1043 709 1182 796 quidem
1200 711 1271 774 sine
1290 709 1460 794 Episcopi

326 825 377 888 vel
405 825 481 910 ejus
512 824 678 908 peneralis
706 823 838 907 vicarii,
868 824 1042 909 reputares
1071 846 1148 889 vero
1176 825 1247 889 sine
1278 823 1459 888 Generalis

326 938 376 1002 vel
402 937 623 1002 Prouincialis
650 959 810 1002 consensu
837 946 869 1002 et
894 938 1043 1023 licentia,
1066 939 1256 1024 inscriptis
1281 945 1315 1002 et
1341 938 1460 1024 qratia

326 1053 533 1117 concedenda
548 1056 567 1116 ¹.
594 1079 609 1112 >r

370 1165 404 1230 2⁰
430 1165 603 1256 Superior,
630 1166 671 1229 de
695 1164 832 1231 licentia
851 1165 1011 1254 praedicta
1030 1164 1230 1252 requisituS,
1253 1164 1322 1228 duo
1341 1162 1459 1251 inqui-

326 1303 397 1346 rere
424 1278 548 1346 debet:
570 1279 611 1344 l,
641 1279 733 1344 Num
763 1278 976 1362 institutum,
1006 1279 1047 1344 de
1076 1301 1142 1366 quo
1166 1279 1294 1365 agitur,
1319 1279 1455 1363 possit,

326 1403 453 1460 attento
478 1415 617 1458 numero
636 1394 849 1459 sacerdotum
872 1395 964 1481 ejus,
989 1401 1059 1458 tam
1085 1393 1252 1458 ueteribus
1276 1393 1455 1474 oneribus,

325 1531 430 1595 quam
450 1529 532 1572 novo
550 1507 760 1592 suscipiendo
778 1509 971 1594 satisfacere
980 1527 995 1592 ,¹
1013 1547 1057 1555 -
1076 1507 1108 1572 2.
1130 1507 1221 1572 Num
1241 1506 1304 1586 dos
1324 1505 1456 1570 consti-

326 1628 398 1687 tuta
423 1645 484 1709 pro
509 1645 596 1686 nova
616 1620 811 1686 fundatione
833 1622 1030 1707 respondeat
1050 1643 1132 1686 novo
1152 1621 1245 1684 oncri
1264 1621 1456 1685 secundum

327 1759 455 1800 morem
485 1737 652 1822 cujusquo
680 1735 824 1800 civitatis
848 1735 898 1799 vel
921 1736 1113 1820 provinciae.
1144 1734 1305 1822 Superior
1335 1741 1456 1798 autem

325 1851 404 1917 dare
433 1849 551 1938 nequit
582 1871 680 1914 suum
709 1871 912 1914 eonsensum
936 1848 1142 1930 fundationi,
1170 1854 1356 1936 antequam
1378 1847 1455 1937 ipse

325 1965 447 2030 certior
475 1965 519 2029 sit
546 1963 685 2053 praelata
716 1963 783 2027 duo
811 1985 891 2027 vera
917 1985 1003 2028 esse.
1034 2003 1078 2012 —
1104 1961 1247 2028 Constat
1279 1969 1354 2027 tum
1378 1961 1456 2050 ipsa

325 2085 444 2142 natura
470 2078 518 2142 rei
537 2078 578 2142 de
605 2101 670 2165 qua
697 2077 821 2166 agitur,
843 2083 917 2142 tum
936 2078 1066 2142 decreto
1097 2076 1134 2159 6,
1164 2077 1225 2161 it,
1258 2076 1352 2163 quod
1379 2077 1455 2140 haee

325 2192 437 2255 omnia
456 2192 545 2256 clare
565 2191 728 2278 principit.

368 2305 401 2369 3⁰
427 2305 464 2367 ln
491 2303 627 2369 lieentia
655 2304 886 2386 concedenda,
914 2305 1135 2370 determinari
1163 2305 1260 2369 debet
1285 2327 1455 2369 numerus

325 2417 505 2482 missorum
523 2419 815 2503 celebrandarum,
838 2418 938 2483 modo
958 2417 1016 2506 qui
1034 2418 1211 2506 sequitur:

367 2555 398 2596 a.
425 2530 459 2597 Si
479 2531 555 2619 pius
575 2531 734 2598 fundator
753 2533 967 2597 constituerit
986 2539 1121 2598 tantum
1140 2533 1270 2613 dotem,
1294 2531 1355 2596 sed
1380 2554 1452 2596 non

323 2646 597 2711 determinaverit
620 2669 797 2711 numerum
821 2639 1001 2712 missarum
1025 2647 1207 2735 quotannis
1227 2645 1452 2711 celebranda-

322 2785 412 2842 rum,
444 2785 512 2826 non
545 2761 688 2826 haeredis
716 2767 769 2826 est
794 2761 884 2826 hune
913 2784 1092 2827 numerum
1122 2759 1355 2850 praescribere,
1389 2757 1451 2824 sed

322 2875 502 2942 Ordinarii.
524 2913 560 2922 -
578 2873 721 2940 Constat
737 2876 906 2959 responsio
920 2874 946 2942 2
962 2875 1005 2940 ad
1024 2876 1155 2940 decreta
1170 2897 1224 2939 an.
1245 2873 1330 2940 1625
1348 2893 1355 2940 :
1377 2901 1393 2933 «
1413 2872 1449 2938 Si

322 2989 475 3076 tribuens
495 2989 745 3075 eleemosynam
766 3011 943 3052 numerum
963 2987 1143 3052 missarum
1166 2987 1449 3053 celebrandarum

322 3127 390 3167 non
400 3101 653 3190 praescripserit,
665 3109 745 3167 tunc
758 3109 805 3166 tot
815 3103 932 3167 missas
944 3103 1107 3167 celebrari
1115 3103 1245 3185 dehere,
1262 3110 1348 3188 quot
1357 3125 1448 3187 pra-

320 3217 492 3300 scripsarit
513 3216 715 3281 Ordinarius
730 3218 916 3281 secundum
932 3239 1060 3280 morem
1075 3216 1217 3280 civitatis
1234 3215 1284 3280 oet
1303 3217 1448 3301 provin-

321 3329 388 3393 ciae.
406 3354 421 3387 »
433 3366 476 3376 —
486 3327 593 3415 Igitur
603 3329 800 3395 Ordinarius
816 3329 1018 3394 determinat
1030 3352 1208 3394 numerum
1216 3331 1314 3418 juxta
1329 3337 1446 3394 laxam

321 3441 362 3508 ab
374 3465 412 3506 eo
425 3442 656 3531 praescriptam
666 3444 722 3508 vel
736 3443 1157 3532 eonsuetudinereceptam
1168 3467 1229 3532 pro
1244 3429 1357 3509 missis*
1364 3465 1446 3529 per-

316 3559 450 3644 petuis,·
467 3557 538 3622 haec
558 3565 637 3623 taxa
656 3558 764 3645 major
787 3581 860 3622 esse
881 3555 981 3622 debet
1000 3565 1079 3624 taxa
1104 3558 1284 3623 missarum
1304 3581 1446 3623 manua-

320 3673 419 3754 lium,
441 3680 515 3738 tum
538 3672 702 3760 quiahoc
728 3673 840 3760 ipsum
863 3672 1004 3760 requirit
1027 3673 1213 3760 assumptio
1237 3672 1348 3736 oneris
1367 3695 1446 3759 per-

320 3787 424 3874 petui,
446 3794 520 3852 turn
535 3786 625 3874 quia,
643 3793 764 3874 praeter
776 3783 1027 3872 eleemosynam
1047 3785 1213 3851 sacerdoti
1232 3784 1445 3851 celebraturo

319 3901 534 3982 tradendam,
557 3899 759 3966 reservanda
788 3905 839 3963 est
867 3899 980 3987 aliqua
1006 3924 1084 3988 pars
1107 3900 1172 3987 ipsi
1196 3899 1356 3965 Instituto
1384 3922 1445 3965 seu

351 4185 447 4235 ¹Bull.
468 4185 553 4243 Rom,
577 4187 595 4233 t.
617 4201 655 4246 rx,
677 4199 703 4247 p.
724 4187 779 4232 465,
800 4210 830 4219 -
850 4182 942 4231 Habes
966 4183 1023 4232 hacc
1047 4181 1155 4232 decreta
1182 4183 1217 4232 ad
1238 4181 1339 4232 calcem
1362 4184 1444 4248 hujus

319 4266 476 4325 voluminis,
493 4265 683 4314 documentum
699 4265 719 4313 l.
