3174 5046
310 559 344 610 28
795 557 838 606 DE
858 555 957 606 nlssn

311 702 439 790 scopeli
463 685 632 766 cdractere
653 700 822 787 insigniti,
845 699 879 763 hi
899 707 1043 787 possunt
1067 699 1227 786 privatim
1253 698 1438 770 celebrare.

307 816 406 903 juxta
437 817 593 879 eumdem
617 813 856 894 Benedictum,
890 813 952 894 ibi,
982 836 1016 878 n.
1039 813 1076 893 l,
1099 812 1295 879 dicentem:
1327 842 1341 872 u
1372 812 1442 890 Qui

310 951 391 992 vero
411 928 594 1016 episcopali
614 929 739 992 honore
760 927 907 1012 fulgent,
930 935 964 991 et
983 927 1026 992 ad
1045 927 1186 991 chorum
1205 926 1276 991 suis
1296 927 1440 1014 iusigni-

310 1041 374 1106 bus
393 1042 502 1106 0rnati
522 1041 745 1122 conveniunt,
767 1039 883 1106 habita
903 1041 1080 1128 dignitatis
1099 1040 1245 1122 ratione,
1268 1041 1304 1104 in
1325 1042 1440 1105 dome-

310 1157 402 1220 sticis
434 1159 465 1220 cl
488 1157 649 1242 priuatis,
683 1156 738 1219 vel
770 1156 804 1219 in
836 1156 959 1220 clausis
981 1155 1123 1219 sacrarii
1148 1154 1294 1238 sacellis,
1319 1177 1359 1220 eo
1385 1154 1439 1242 die

311 1293 382 1334 rem
411 1270 562 1335 divinam
587 1269 786 1350 conl'iciunt3
813 1297 827 1330 n
854 1269 987 1356 quoda
1018 1268 1147 1333 fortiori
1179 1268 1360 1334 dicendum
1387 1277 1438 1332 est

312 1385 353 1450 de
389 1386 547 1473 episeopo
586 1383 644 1472 qui
675 1383 737 1447 hoc
773 1381 826 1446 die
865 1405 998 1448 sacrum
1037 1383 1183 1460 chrisma
1221 1405 1290 1446 non
1333 1383 1438 1447 eonti-

311 1497 389 1562 ciat.

357 1612 389 1676 3ο
417 1610 455 1674 ln
483 1611 626 1675 ecclesiis
659 1611 884 1696 Regularium
915 1611 1018 1674 choro
1044 1610 1314 1693 -adsiri'ctorum,
1349 1610 1439 1674 idem

312 1747 450 1812 prorsus
469 1723 650 1789 dicendum
669 1747 706 1788 ac
726 1724 760 1788 in
785 1725 938 1790 ecclesiis
957 1723 1208 1789 cathedralibus
1228 1731 1262 1788 et
1281 1723 1439 1810 collegia-

313 1838 372 1920 tis3
395 1837 522 1903 habent
541 1837 631 1902 enim
652 1838 685 1902 hi
703 1838 889 1925 Regulares
910 1837 1048 1902 missam
1073 1837 1342 1920 conventualem,
1364 1859 1439 1924 quer

312 1952 431 2018 iisdem
462 1951 595 2039 legibus
629 1953 757 2039 regitur
790 1975 829 2017 ac
858 1952 961 2016 missa
996 1949 1231 2016 conventualis
1262 1950 1438 2016 cathedra-

312 2067 408 2132 lium.
430 2105 471 2114 -—
498 2066 586 2144 Iure,
613 2067 648 2130 id
674 2067 812 2131 extendi
832 2065 932 2131 debet
956 2065 998 2130 ad
1023 2065 1183 2130 ecelesias
1206 2065 1439 2151 quorumlibet

315 2181 558 2263 Ileqularium,·
586 2203 691 2268 quum
716 2181 807 2246 enim
829 2179 864 2243 hi
889 2180 958 2244 sint
987 2179 1174 2267 exemptia
1202 2177 1438 2266 jurisdictione

314 2291 553 2380 parochorum,
577 2316 693 2357 eorum
718 2294 869 2358 ecclesiae
896 2293 1063 2358 habentur
1088 2293 1139 2356 uti
1163 2292 1373 2380 parochiales
1396 2291 1439 2356 ad

314 2404 471 2469 ellectum
498 2405 539 2470 de
566 2430 632 2494 quo
657 2408 799 2493 agimus.
823 2447 865 2456 —
895 2407 1063 2472 Moniales
1091 2415 1203 2472 autem
1233 2405 1438 2494 regularium

314 2541 419 2584 censu
439 2517 615 2585 habentur.
634 2521 791 2600 —Quod
812 2521 856 2602 si,
876 2520 1009 2586 delectu
1034 2520 1266 2586 ministrorum
1291 2527 1348 2586 aut
1375 2519 1439 2584 aliu

314 2633 355 2697 dc
380 2657 497 2716 eausa,
525 2634 628 2700 missa
648 2633 829 2714 solemniS,
857 2635 898 2699 ad
920 2657 1072 2699 normam
1098 2634 1349 2698 Caeremooialis
1374 2634 1441 2718 epi-

313 2770 508 2834 scoporum,
537 2747 700 2813 celebrari
733 2756 880 2835 nequeat
916 2748 950 2811 in
983 2748 1097 2836 aliqua
1131 2747 1274 2812 eeclesia
1307 2747 1439 2834 regula-

313 2863 413 2943 rium,
427 2869 508 2927 tunc
528 2861 691 2927 celebrari
711 2868 824 2949 potest
845 2861 948 2925 missa
970 2861 1069 2944 lecta,
1085 2883 1126 2925 ex
1146 2861 1180 2927 S.
1203 2861 1273 2926 Rit.
1298 2859 1437 2948 Congu,

314 2977 348 3040 in
367 2999 434 3041 unu
459 2977 563 3041 Tertii
581 2977 710 3040 ordinis
729 2975 765 3040 S.
788 2976 977 3058 Francisci,
997 2976 1033 3040 31
1059 2997 1136 3062 aug.
1162 2974 1270 3042 1839:
1296 3003 1311 3035 u
1335 2975 1440 3062 Supe-

313 3091 381 3154 rior
400 3089 546 3154 eelebrct
566 3090 599 3153 in
615 3091 751 3175 privato
766 3090 914 3154 oratorio
934 3088 1254 3153 administrandam
1274 3087 1442 3175 religiosis

314 3203 602 3284 communionem,
637 3211 670 3268 et
700 3205 729 3269 si
765 3205 850 3268 desit
888 3205 1093 3286 oratorium,
1132 3205 1190 3268 fiat
1224 3204 1258 3267 in
1290 3204 1440 3285 ecclesia,

309 3319 430 3404 januis
449 3318 604 3386 clausie¹.
632 3347 646 3377 o

361 3431 394 3494 4⁰
427 3429 465 3496 In
496 3431 639 3498 ecclesiis
664 3435 937 3519 parochialibus,
973 3433 1163 3499 celebratur
1198 3433 1301 3498 etiam
1340 3433 1442 3496 missa

313 3546 471 3611 solemnis
508 3545 551 3610 ad
589 3549 821 3636 praescriptum
860 3549 1008 3614 Missalis
1051 3549 1203 3630 romani,·
1243 3545 1315 3611 haec
1353 3547 1443 3611 enim

316 3660 417 3726 missa
443 3659 586 3726 habetur
609 3662 652 3726 ad
676 3661 784 3726 instar
808 3663 1035 3727 conventualis
1041 3680 1057 3746 ,·
1081 3662 1165 3742 imo,
1188 3660 1287 3747 juxta
1309 3659 1343 3725 S.
1371 3659 1439 3723 llit.

315 3773 441 3862 Congr.
474 3775 647 3840 decretum
683 3776 785 3840 Urbis
815 3787 847 3840 ct
880 3778 995 3858 Orbie,
1028 3775 1068 3842 lo
1100 3775 1172 3841 dec.
1201 3773 1303 3856 1703,
1333 3773 1374 3839 ad
1404 3772 1440 3848 8,

317 3919 331 3950 u
356 3889 537 3955 celebratio
560 3889 672 3954 missin
692 3889 855 3955 solemnis
874 3890 957 3956 feria
976 3891 1006 3953 V
1026 3890 1060 3955 in
1085 3891 1190 3956 Coene
1210 3888 1347 3954 Domini
1373 3911 1443 3973 cpe-

315 4013 384 4069 etat
422 4005 466 4068 ad
500 4005 669 4090 parochos
683 4007 704 4070 ³.
747 4033 761 4063 υ
802 4005 978 4086 --Ουοά
1018 4005 1062 4084 si,
1101 4003 1235 4069 delectu
1270 4003 1442 4067 ministro·

316 4142 407 4198 rum,
449 4115 611 4184 celebrari
657 4125 804 4206 nequeat
840 4119 944 4184 missa
980 4117 1158 4200 solemnis,
1207 4139 1329 4203 nempe
1367 4137 1441 4180 eum

348 4289 355 4321 ¹
371 4289 484 4337 Decreta
499 4287 667 4345 authentica,
685 4303 710 4336 n.
727 4293 801 4347 2799,
818 4290 851 4338 nd
867 4295 893 4348 2,
910 4289 1016 4349 llomoe,
1033 4293 1107 4346 teos,
1124 4292 1143 4338 t.
1158 4304 1188 4342 u,
1205 4301 1231 4350 p.
1248 4289 1301 4335 288.

347 4367 453 4425 ²lbid.,
470 4383 495 4416 n.
512 4373 585 4425 2123,
603 4371 621 4417 t.
639 4383 659 4428 1,
676 4385 702 4430 p.
719 4371 771 4416 lia.
