3174 5046
524 1105 908 1260 rnomuruu'

193 1747 317 1832 Quum
345 1746 437 1818 mihi
464 1745 720 1844 proposuerim
752 1746 851 1845 typis
877 1746 985 1818 edere
1012 1746 1271 1819 Praelectiones

142 1877 241 1951 luris
256 1877 453 1966 Canonici,
471 1903 562 1974 quus
576 1902 642 1975 per
661 1877 797 1950 multos
812 1903 929 1950 annos
944 1876 1078 1948 tradidi
1097 1879 1136 1948 in
1152 1877 1270 1951 Semi-

143 2009 248 2082 nario
272 2007 398 2081 Sancti
423 2007 570 2108 Sulpitii
595 2018 631 2079 et
654 2008 884 2079 nuncetiam
909 2006 1013 2080 trado
1038 2008 1076 2080 in
1098 2008 1269 2081 Instituto

143 2139 324 2212 catholico
350 2139 567 2218 Parisiensi.
592 2165 666 2210 non
697 2139 788 2210 mihi
814 2137 1058 2237 injucundum
1085 2139 1154 2211 fuit
1177 2141 1270 2212 inci-

143 2271 266 2369 cipere
286 2297 307 2342 a
327 2269 640 2342 Praelectionibus
660 2270 703 2341 de
722 2269 849 2342 Missa.
870 2268 1150 2344 Sacrosanetum
1170 2273 1268 2343 enim

144 2401 262 2474 missae
288 2401 509 2474 sacrificium
536 2400 646 2473 cardo
673 2411 728 2473 est
754 2427 828 2498 quo
857 2401 1012 2473 vertitur
1037 2411 1113 2473 tota
1139 2403 1269 2500 religio

143 2533 359 2621 christiana,
382 2543 550 2605 centrum
567 2558 641 2630 quo
660 2542 818 2629 vergunt
835 2531 995 2630 plurima
1013 2532 1180 2606 instituta
1200 2544 1269 2608 sta-

142 2672 294 2760 tutaque
324 2663 582 2736 ecclesiastiea.
613 2663 690 2735 Nec
715 2663 869 2750 mirum,
899 2688 983 2734 cum
1010 2662 1062 2736 ibi
1086 2663 1270 2737 Dominus

144 2794 278 2866 Noster
301 2794 407 2867 Jesus
427 2793 612 2882 Christum
637 2795 737 2869 Deus
763 2793 907 2890 Deique
928 2793 1061 2883 Filius,
1084 2795 1267 2892 quotidie,

128 2921 335 2997 'incruento
365 2925 561 3013 sacrifici0‚
594 2923 661 2997 sub
693 2922 887 3022 speciebus
913 2925 1019 3023 panis
1045 2935 1081 2997 et
1107 2926 1201 3016 vini,
1231 2953 1269 2998 se

145 3055 247 3128 Patri
265 3081 333 3128 suo
353 3055 498 3153 offerat,
516 3065 557 3126 ut
576 3065 769 3127 cruentum
789 3055 881 3127 illud
901 3055 1137 3146 sacrificium,
1156 3060 1270 3130 semel

143 3188 182 3259 in
213 3213 322 3260 cruce
345 3195 553 3286 pernotum,
589 3171 881 3285 repraesentetur,
909 3187 988 3285 ejus
1020 3189 1200 3272 memoria
1233 3191 1269 3261 in

144 3319 255 3390 finem
280 3343 397 3417 usque
422 3317 543 3390 soeeuli
567 3327 798 3415 permaneat,
826 3313 979 3415 ejusque
1004 3319 1172 3392 salutaris
1195 3322 1271 3392 vir-

144 3459 201 3522 tus
232 3449 271 3521 in
299 3449 555 3522 remissionem
587 3459 797 3521 nostrorum
824 3458 1060 3548 peccatorum
1094 3438 1270 3524 continuo

144 3580 348 3679 applicetur
363 3588 385 3653 ¹.
421 3580 518 3652 Hinc
551 3589 676 3652 sancta
708 3579 872 3653 Ecclesia
904 3579 1100 3670 catholica,
1136 3607 1271 3680 sponsa

145 3711 302 3794 Christi,
320 3712 379 3784 cui
399 3709 568 3783 Christus
587 3711 666 3809 ipse
685 3710 723 3782 in
744 3709 871 3783 ultima
891 3737 996 3784 ooena
1016 3711 1159 3783 visibile
1179 3713 1269 3785 illud

145 3841 366 3914 sacrificium
395 3841 544 3939 reliquit
570 3852 678 3940 atque
703 3841 946 3932 concredidit,
970 3842 1148 3940 plurimas
1171 3843 1270 3941 leges

144 3973 378 4072 plurimaque
410 3973 554 4045 decreta
587 3973 688 4062 tulit,
723 3983 764 4044 ut
791 3973 967 4044 nimirum
996 3973 1269 4046 sanctissimum

176 4201 281 4250 ¹Conc.
297 4201 382 4260 Trio,
401 4215 461 4263 cup.
485 4199 617 4259 Quoniam
638 4199 689 4248 ‘rub
707 4198 809 4263 priori,
831 4205 858 4259 1,
879 4214 944 4248 sess.
968 4199 1056 4258 ΧΧΙΙ,
1078 4201 1216 4250 Docrnnm
1237 4219 1270 4252 ns

145 4295 289 4331 mcmrrcro
305 4295 393 4330 ursan.
