3246 5026
336 473 380 522 DE
399 472 557 523 TEMPORE
577 449 813 522 nistnlut'tunul
832 470 963 522 secudu
984 471 1231 523 cottuunlouun
1304 471 1379 550 311Ι

228 623 262 682 et
290 617 406 702 sidetes
431 617 712 695 communicasse‚·
737 615 785 680 sic
805 615 896 680 enim
927 614 992 680 fert
1020 616 1127 681 oratio
1151 617 1233 680 Post
1258 615 1356 682 Com-

229 751 323 796 mun.
338 752 350 796 .·
373 756 388 790 «
411 729 556 812 Praesta,
579 752 790 818 quesumus,
813 728 1029 816 omnipotens
1049 731 1158 812 Dein,
1178 737 1229 813 ut,
1242 731 1355 795 divino

230 867 368 910 munere
404 845 534 926 sutioti,
567 851 599 909 et
634 845 740 908 saeris
774 843 945 929 mysteriis
974 845 1191 928 innovemur,
1222 851 1256 910 et
1285 867 1356 908 mo-

227 957 351 1023 ribus-2¹.
378 985 393 1018 »

273 1072 309 1136 2⁰
328 1071 430 1138 Nulla
456 1072 582 1138 mentio
606 1079 664 1137 sut
693 1070 812 1136 umbra
835 1071 1073 1160 prohibitionis
1092 1071 1356 1160 deprehenditur

226 1193 285 1252 sut
304 1187 339 1250 in
358 1186 466 1252 relato
485 1185 622 1252 decreto
643 1209 697 1251 an.
718 1185 816 1264 1679,
834 1185 925 1272 quod
945 1208 1013 1250 non
1034 1187 1105 1272 agit
1125 1185 1191 1250 nisi
1212 1185 1253 1250 de
1273 1185 1354 1251 feria

228 1307 323 1364 sextu
348 1301 383 1364 in
404 1299 606 1381 parasceve,
629 1307 689 1365 aut
714 1300 748 1364 in
774 1299 907 1364 Misseti
928 1319 1090 1382 romono;
1116 1323 1133 1365 e
1161 1305 1297 1379 contra,
1319 1299 1354 1363 in

227 1413 291 1480 hoe
318 1413 466 1497 Missnti,
499 1414 634 1480 Secreta
668 1414 830 1502 supponit
860 1413 931 1478 fieri
965 1436 983 1478 n
1012 1413 1137 1502 populo
1170 1414 1356 1480 oblationes

141 1603 143 1608 ¹
229 1529 433 1612 hostiarum,
465 1529 582 1616 utique
614 1529 656 1594 nd
689 1528 978 1594 consecrationem
1013 1535 1046 1593 et
1079 1528 1354 1593 communionem

226 1641 458 1722 offerentium
477 1650 510 1707 et
530 1643 636 1708 oratio
656 1642 690 1706 in
711 1643 776 1706 fine
796 1643 908 1707 missen
928 1642 1088 1730 supponit
1108 1643 1209 1720 alim,
1233 1647 1355 1728 prester

227 1755 452 1838 sacerdotem,
474 1757 693 1821 sacrementis
708 1757 928 1842 paschalibus
946 1758 1085 1821 satiatos
1103 1779 1181 1820 esse.

271 1870 306 1935 3⁰
326 1859 432 1936 Favet
456 1877 579 1936 nostrie
603 1871 825 1958 propositioni
849 1870 974 1935 decisio
999 1871 1034 1935 S.
1058 1870 1182 1956 Congr.
1211 1869 1296 1948 Rin,
1319 1869 1351 1932 in

232 1983 454 2070 tifernates,
487 1985 529 2048 22
559 1985 670 2049 martii
701 1983 804 2064 1806;
837 1984 915 2048 huic
943 1985 1033 2048 enim
1063 1981 1230 2071 quecsito:
1264 2009 1279 2042 «
1298 1983 1353 2046 An

226 2098 327 2163 liceat
354 2099 388 2163 in
414 2099 555 2164 subbato
578 2108 693 2164 sancto
719 2100 808 2163 inter
832 2100 1013 2164 missorum
1036 2099 1198 2163 solemnio
1221 2120 1353 2163 sueram

227 2213 482 2278 Eucharistism
498 2215 714 2294 distribuere,
732 2220 766 2278 et
785 2237 865 2278 num
883 2237 942 2300 per
957 2213 1111 2278 eamdem
1127 2211 1354 2300 sumptionem

202 2336 330 2392 'suerae
361 2327 610 2392 communionis
640 2335 847 2415 preceptum
881 2327 1039 2414 paschale
1070 2326 1311 2415 adimpleatur,
1336 2353 1351 2386 n

230 2441 428 2527 respondit:
457 2469 472 2502 «
499 2441 721 2527 Affirmutiue
746 2443 779 2506 in
806 2446 982 2528 utroquffi.
1012 2469 1027 2500 »
1054 2441 1130 2506 Scio
1155 2439 1292 2529 quidem
1319 2440 1352 2502 in

228 2554 317 2636 loen,
340 2579 400 2643 pro
420 2577 487 2642 quo
507 2553 732 2642 qumrebntur,
754 2555 907 2620 extitisse
931 2555 1213 2620 consuetudinem
1237 2554 1355 2617 imme-

226 2666 424 2733 morabilem
437 2667 540 2733 dandi
556 2669 829 2733 communionem
845 2667 985 2733 sabbato
1001 2675 1136 2748 sancto,
1151 2673 1189 2732 ut
1204 2673 1297 2754 patet
1312 2691 1354 2731 ex

225 2780 310 2866 secti
329 2782 559 2870 expositione;
578 2782 653 2864 sed,
671 2790 710 2848 ut
723 2789 818 2870 patet
833 2806 874 2848 ex
889 2781 1003 2846 verbis
1017 2781 1149 2862 relatiS‚
1172 2780 1353 2868 queesitum

226 2901 260 2960 et
272 2918 472 2982 responsum
484 2895 685 2961 abstrahunt
695 2895 737 2962 ab
752 2896 814 2962 hac
829 2896 1084 2962 consuetudine.
1096 2933 1139 2944 -
1148 2894 1223 2960 Scio
1237 2893 1351 2973 etium,

226 3009 260 3073 in
279 3009 463 3092 Mutuum,
486 3010 527 3076 23
548 3017 634 3096 sept.
660 3009 756 3092 1837,
779 3009 813 3076 S.
836 3011 906 3075 Rit.
929 3009 1070 3096 Congr.,
1093 3009 1135 3074 ad
1156 3009 1245 3073 idem
1264 3029 1354 3096 quee-

226 3122 329 3186 situm
359 3122 603 3209 respondisse:
633 3151 647 3183 ι(
672 3123 835 3209 Nepotive
861 3123 926 3188 nisi
952 3123 1039 3188 adsit
1065 3121 1314 3202 consuctudo³;
1335 3148 1350 3179 n

226 3235 302 3317 sed,
324 3235 358 3300 in
379 3235 563 3301 novissima
583 3236 731 3302 editione
751 3237 848 3302 Decr.
867 3239 979 3320 cuttu,
1002 3237 1166 3303 omissum
1187 3235 1250 3302 suit
1269 3233 1354 3300 illud
1432 3322 1436 3334 '

228 3352 460 3438 responsum⁴.

271 3463 307 3526 10
326 3463 395 3528 Nec
415 3463 558 3546 dicatur,
572 3487 649 3528 cum
664 3463 844 3530 Benedicto
861 3464 951 3548 xlv,
976 3465 1036 3530 loc.
1051 3467 1122 3548 cit,
1140 3486 1354 3529 communem

226 3599 293 3642 esso
318 3577 593 3642 consuetudinem
620 3579 654 3642 in
682 3578 907 3658 eontrarium
936 3597 1041 3644 nam:
1072 3581 1102 3641 1.
1134 3576 1174 3642 In
1200 3575 1354 3664 pluribus

226 3675 425 3770 locisjdari
451 3690 536 3756 solet
561 3713 657 3758 sacra
685 3692 877 3757 communio
902 3691 1059 3756 fidelibus
1084 3691 1118 3755 in
1147 3691 1251 3756 misse
1276 3688 1355 3754 sab-

225 3800 295 3867 boti
310 3803 435 3886 suncti,
452 3809 490 3868 ut
504 3804 686 3893 quotannis
702 3827 765 3892 ego
780 3805 852 3870 sieri
870 3805 969 3870 video
984 3805 1038 3870 hic
1055 3805 1088 3869 in
1105 3805 1242 3870 civitate
1259 3802 1354 3868 Puri-

257 3964 265 3997 ¹
284 3963 430 4022 maraton,
445 3963 494 4014 too.
511 3963 568 4022 cit,
585 3968 604 4014 t.
620 3981 641 4023 ι,
658 3967 782 4024 101571,
800 3969 853 4013 513.

255 4042 267 4076 ¹
283 4041 397 4091 Decreta
412 4042 584 4100 authentice,
600 4059 626 4092 n.
642 4047 718 4102 2561,
736 4048 754 4093 1.
769 4060 800 4102 ιι,
815 4059 840 4106 p.
859 4049 911 4091 161.

255 4120 267 4154 ³
284 4119 445 4180 Gardellini,
463 4137 488 4168 n.
505 4125 580 4180 1815,
597 4123 668 4169 1111.

256 4201 266 4231 ⁴
286 4197 361 4248 Licet
380 4199 464 4248 reluta
485 4199 535 4249 tuit
554 4213 634 4248 euusu
654 4198 795 4257 Mutinen,
818 4215 879 4250 cum
899 4199 959 4248 aliis
977 4199 1128 4262 responsis,
1144 4213 1168 4246 n.
1190 4202 1264 4256 1169,
1286 4201 1305 4246 1.
1323 4213 1354 4256 n,

225 4290 252 4338 p.
269 4279 322 4324 275.
