3246 5026
297 463 349 516 eud
599 465 643 516 DE
662 463 877 516 sxne'nssluo
901 459 1122 514 SACRAMENTO

297 607 479 687 Augustini,
503 607 662 688 disputant
684 607 715 666 S.
744 606 930 668 Doctores¹.
959 607 1107 666 Attamen
1132 605 1245 664 saltem
1276 602 1363 663 risus
1387 611 1429 662 est

296 711 408 772 docere
436 711 650 772 necessitatem
678 711 907 771 communionis
933 709 1026 770 etiam
1059 730 1117 790 pro
1144 709 1320 789 parvulis:
1349 707 1429 787 quod

296 817 429 878 maxime
444 815 522 878 lovit
538 838 629 877 usum
644 817 873 876 communionis
888 816 1103 896 parvulorum.

336 925 368 981 2⁰
393 921 470 982 Item
495 921 647 982 indirecte
669 929 893 1003 promoverunt
915 941 1005 980 usum
1027 921 1263 980 communionis
1288 919 1432 1000 parvulo

296 1045 364 1088 rum
381 1027 583 1088 Innocentius
604 1027 616 1086 l
637 1035 668 1088 et
688 1027 833 1088 Gelasius
850 1027 874 1086 l.
891 1063 930 1071 —
947 1025 1036 1086 Prior
1054 1027 1152 1098 enim,
1169 1026 1199 1084 in
1222 1025 1364 1106 epistola
1384 1023 1433 1084 Ad

296 1131 463 1192 concilium
485 1131 720 1200 Milem'tauum.
745 1153 775 1193 n.
797 1131 849 1204 5²,
872 1131 952 1192 aller
977 1133 1008 1191 in
1027 1131 1158 1212 epistola
1176 1129 1235 1191 Ad
1257 1129 1433 1212 Episcopus

293 1257 354 1319 per
369 1237 519 1298 Picenum
536 1237 731 1307 constitutos,
746 1259 776 1298 n.
789 1239 842 1298 5-6
852 1237 875 1316 ³,
890 1237 1103 1298 demonstrant
1119 1245 1229 1297 contra
1245 1236 1433 1312 Pelagianos

298 1344 444 1424 parvulos
467 1365 527 1404 non
552 1343 722 1424 baptizatos
748 1364 811 1403 nou
834 1343 928 1402 modo
950 1364 1081 1421 regnum
1102 1343 1272 1410 ciclorum,
1300 1341 1357 1401 sed
1380 1361 1434 1399 nec

298 1447 391 1509 citam
417 1457 565 1509 aeternnm
591 1446 730 1529 adipisci
747 1469 855 1528 posse.
881 1448 1023 1507 adductis
1049 1447 1151 1508 verbis
1174 1447 1335 1508 Domini:
1364 1445 1435 1506 n'iu'

298 1552 576 1622 manducaveritis,
600 1561 659 1614 ctc.
673 1553 695 1613 ⁴.
716 1553 809 1612 Nullo
829 1553 954 1634 quidem
975 1552 1069 1614 modo
1084 1553 1199 1613 docent
1219 1553 1431 1613 necessariam

296 1680 362 1720 esse
378 1680 434 1739 pro
454 1659 591 1740 parvulis
612 1679 730 1718 sacram
750 1659 1001 1719 communionem
1021 1658 1060 1718 ad
1080 1658 1321 1739 adipiscendam
1339 1659 1432 1716 citam

297 1765 486 1838 aetcrnam⁵;
509 1765 561 1823 sed
586 1772 689 1824 tamen
712 1785 825 1844 quum,
849 1765 1011 1845 loquentes
1033 1763 1071 1824 de
1094 1764 1252 1845 parvulis.
1277 1764 1430 1824 referrent

328 2019 338 2054 ¹
356 2017 528 2066 Meldonatus
548 2031 601 2066 non
619 2017 696 2064 timot
711 2029 831 2066 asserere
850 2017 877 2066 S.
894 2017 1075 2078 Augustiuum
1092 2017 1217 2066 docuisse
1239 2015 1432 2066 necessitatem

296 2097 495 2147 communionis
507 2096 589 2145 ctiam
601 2111 653 2159 pro
665 2095 804 2160 paruulis,
822 2097 886 2146 licet
904 2096 947 2144 hic
962 2097 998 2145 sit
1012 2111 1088 2144 error
1101 2111 1116 2144 a
1131 2111 1208 2144 conc.
1222 2097 1299 2145 Trid.
1317 2099 1430 2145 danma-

297 2181 352 2236 tus,
369 2193 392 2224 c.
407 2176 543 2240 Denique,
561 2192 596 2232 rx,
615 2181 643 2226 et
657 2191 715 2225 can.
732 2180 759 2232 t,
780 2192 846 2224 sess.
864 2176 940 2230 xxi,
962 2175 998 2224 De
1015 2175 1204 2226 communione
1223 2177 1428 2240 (staldonatns.

295 2258 328 2306 ln
349 2257 470 2320 quatuor
487 2256 650 2319 Evangelia,
672 2256 700 2304 in
720 2257 798 2306 Joan.
818 2257 864 2314 Vl,
886 2271 911 2304 n.
938 2263 993 2314 nr,
1015 2256 1129 2305 Lutetirc
1150 2255 1333 2308 Parisiorum.
1359 2262 1428 2305 1663.

296 2337 346 2385 col.
371 2337 455 2398 tlte).
475 2361 506 2372 ·-
526 2336 578 2384 Alii
600 2337 734 2385 Doctores
753 2337 935 2386 communiter
953 2337 1025 2385 hunc
1045 2351 1163 2385 errorem
1183 2352 1199 2386 a
1218 2341 1297 2387 tanto
1316 2339 1430 2387 doctore

295 2416 465 2480 abjudicant,
477 2417 524 2463 scd
540 2417 573 2464 de
587 2417 667 2466 modo
678 2421 795 2466 mentem
809 2417 866 2481 ejus
878 2417 1030 2480 exponendi
1041 2418 1112 2465 inter
1121 2431 1150 2466 se
1162 2418 1346 2469 dissentiunt:
1352 2419 1429 2480 juxta

296 2495 399 2560 plures,
414 2496 440 2544 S.
455 2496 636 2558 Augustinus,
648 2498 810 2560 applicando
821 2499 879 2546 lroec
891 2497 973 2545 verba
981 2497 1103 2553 Domini,
1116 2495 1177 2545 x'ni
1187 2496 1427 2548 urandncaceritia.

297 2575 330 2624 ad
346 2576 485 2638 parvulos,
503 2591 556 2624 non
572 2593 602 2625 ce
615 2579 748 2626 intellexit
763 2579 813 2625 nisi
824 2578 857 2627 de
867 2576 1079 2641 participatione
1094 2576 1216 2640 corporis
1231 2577 1359 2628 Domini.
1375 2593 1426 2642 qna

294 2655 505 2720 participatione
528 2656 665 2719 [runutur
689 2658 717 2707 ri
741 2657 827 2722 ipsias
855 2657 997 2721 baptismi‚·
1024 2659 1062 2706 sic
1091 2658 1261 2720 Augustinus
1285 2675 1315 2706 sc
1340 2661 1427 2724 ipsum

297 2738 455 2801 exposuisse
474 2739 582 2787 videtur
600 2739 639 2786 De
657 2741 832 2802 peccatorum
852 2737 958 2787 meritis
973 2741 999 2786 ei
1018 2737 1189 2796 remissione,
1212 2739 1260 2786 lib.
1281 2739 1334 2793 ΙΙΙ,
1352 2755 1375 2788 c.
1393 2753 1426 2789 rc.

298 2834 324 2867 n.
341 2823 368 2874 8,
385 2819 435 2868 loc.
451 2817 507 2876 cit,
519 2819 570 2867 col.
587 2824 646 2876 19ο;
662 2819 696 2867 ct.
713 2820 794 2868 etiam
811 2819 912 2868 Contra
927 2817 996 2867 duas
1008 2817 1085 2881 episi.
1103 2818 1204 2880 Petap„
1222 2819 1269 2868 tib.
1284 2819 1307 2876 t,
1320 2836 1345 2870 c.
1362 2835 1426 2872 nu,

298 2915 324 2948 n.
341 2903 383 2956 to,
400 2899 451 2948 col.
468 2904 526 2956 uim
543 2899 580 2947 ita
599 2900 680 2947 ctiam
696 2899 771 2948 illum
787 2900 899 2961 exponit
909 2899 936 2947 S.
951 2899 1120 2961 Fulgentius,
1137 2899 1217 2960 epist.
1234 2914 1283 2956 su,
1301 2901 1345 2948 Ad
1362 2899 1426 2948 Fer-

299 2977 431 3035 randum,
455 2993 480 3025 n.
504 2983 546 3036 26;
568 2977 670 3040 Mignc.
687 2977 717 3026 P.
735 2977 772 3035 1..,
793 2980 813 3026 t.
834 2993 893 3035 nxv,
910 2978 962 3026 col.
980 2981 1035 3024 392.
1056 2977 1204 3025 Fatendum
1221 2979 1313 3027 tamon
1334 2983 1389 3028 cst.
1405 2978 1427 3024 si

300 3058 468 3118 Augustinus
484 3058 522 3106 ita
536 3057 699 3106 intellexerit
715 3057 796 3106 verbs
805 3057 915 3106 Domini
930 3058 964 3106 de
979 3057 1186 3106 manducatione
1202 3059 1354 3120 spirituali,
1371 3060 1427 3106 lucc

300 3137 382 3186 verba
402 3151 509 3186 omnem
530 3138 584 3185 rim
604 3137 845 3187 demonstrativam
865 3138 987 3186 emisisse
1007 3140 1101 3186 contra
1118 3137 1285 3200 Pelagianos.
1302 3167 1332 3174 -
1352 3138 1427 3186 Unde

217 3265 219 3270 ,
301 3215 345 3264 alii
360 3216 487 3265 doctores
501 3218 595 3266 dicunt
610 3218 768 3280 simpliciter
780 3217 961 3280 Augustinum
973 3232 1049 3265 usum
1064 3217 1147 3266 luisse
1161 3222 1257 3266 contra
1270 3217 1427 3280 Pelagianos

301 3299 459 3357 argumento
470 3311 485 3344 a
494 3295 621 3357 fortiori,
638 3297 689 3346 hoc
705 3299 803 3346 modo:
821 3297 847 3346 si
865 3298 882 3345 ii
898 3299 943 3360 qui
959 3313 1012 3346 uon
1028 3298 1191 3346 manducant
1206 3299 1317 3348 realiter
1329 3315 1428 3362 comus

303 3373 423 3432 Domini,
433 3376 517 3424 vitam
532 3382 661 3426 internam
677 3393 730 3426 non
743 3382 807 3427 sunt
821 3378 953 3438 habituri,
969 3393 984 3426 a
999 3377 1104 3426 fortiori
1117 3378 1163 3440 qui
1179 3393 1233 3426 non
1247 3379 1425 3442 baptizantur.

303 3469 385 3518 quum
406 3455 557 3518 baptismus
574 3459 684 3506 omnino
704 3459 857 3522 requiratur
871 3462 901 3507 ut
915 3459 977 3521 quis
993 3458 1154 3508 admittatur
1167 3459 1201 3506 ad
1219 3458 1426 3510 Eucharistiam.

304 3565 333 3573 -
346 3535 385 3585 Cf.
401 3538 474 3586 card.
489 3538 586 3595 Moris,
606 3537 734 3587 Vindiciae
748 3538 963 3602 augustiniana,
980 3553 1004 3588 c.
1021 3553 1055 3596 rv,
1072 3540 1084 3596 ‚S
1100 3542 1112 3586 t
1129 3537 1215 3602 (apud
1236 3539 1341 3602 Migne,
1357 3543 1424 3604 Sup-

301 3617 469 3682 ptementum
488 3617 523 3667 nd
544 3633 626 3682 opera
647 3619 672 3666 S.
696 3619 857 3682 Augustini,
883 3623 902 3668 t.
926 3635 1008 3678 xxxu,
1029 3619 1079 3668 col.
1099 3619 1246 3682 ‘tut-wnl:
1268 3647 1297 3657 —
1320 3621 1426 3672 llurtcr.

308 3697 517 3762 Theoi-dogm„
533 3699 698 3761 OEnipoute,
715 3703 734 3748 t.
751 3715 791 3750 ur.
807 3715 833 3747 u.
851 3703 904 3756 tlt,
921 3704 993 3750 t883.
1010 3715 1036 3762 p.
1052 3703 1106 3746 3⁸25.

336 3777 347 3812 ¹
363 3779 484 3840 Epistola
499 3795 562 3837 xxx,
576 3779 679 3842 Mignc,
697 3780 725 3828 P.
743 3781 781 3836 L..
798 3783 817 3829 t.
829 3797 875 3839 xx,
891 3781 942 3829 col.
959 3784 1013 3828 592.
1035 3781 1039 3788 ”

336 3857 347 3894 ³
363 3857 484 3920 Epistola
500 3873 539 3918 vr,
555 3859 645 3918 Thiel,
663 3859 790 3923 npuutae
802 3861 874 3910 Rom.
888 3860 1064 3922 Pontificum,
1080 3876 1106 3923 p.
1122 3865 1248 3926 stu-adt.

335 3939 347 3974 ⁴
364 3937 541 3988 Innocentius
559 3940 666 3988 ridetur
680 3941 783 4003 primus
798 3942 954 3990 adhibuisse
969 3942 1020 3990 hoc
1037 3943 1226 4002 argumentum
1240 3947 1335 3992 contra
1349 3943 1427 3992 Pela-

304 4021 412 4084 gianos,
430 4020 488 4083 ejus
512 4021 583 4069 enim
603 4021 793 4070 auctoritatem
813 4021 910 4084 allegat
929 4022 1098 4084 Augustinus
1116 4022 1143 4069 in
1163 4023 1278 4085 epistola
1304 4039 1427 4080 cmxxvi.

304 4099 347 4148 Ad
360 4099 519 4158 Paulinum,
532 4117 558 4151 n.
570 4107 664 4154 28-29:
681 4089 783 4164 Migne,
796 4103 825 4151 P.
843 4103 881 4159 1...
896 4105 914 4151 t.
927 4117 1020 4155 xxxin,
1032 4102 1083 4150 col.
1093 4107 1146 4149 826.

336 4181 347 4216 ⁸
364 4179 442 4229 Errat
460 4181 633 4232 Maldonntus
653 4183 717 4246 (tor.
734 4181 789 4244 cit.)
810 4197 933 4232 asserens
949 4183 1150 4242 innocentium,
1170 4183 1240 4233 sicut
1254 4187 1283 4233 et
1301 4185 1431 4247 Augusti-

305 4273 382 4316 num,
401 4261 469 4310 hanc
488 4263 678 4312 necessitatem
700 4265 837 4321 docuissc;
852 4267 923 4313 errat
938 4264 1039 4326 pariter
1054 4263 1201 4324 Dollinger.
1222 4265 1293 4313 huuc
1310 4280 1429 4314 errorem
