3174 5046
301 1006 755 1148 rnffiirerienns'
786 1058 1087 1148 erronice

432 1365 561 1515 DE
626 1349 961 1518 MISSA

191 1733 272 1795 GUM
298 1733 526 1796 reperimur
554 1735 602 1795 DE
628 1733 900 1798 senerlsslno
926 1734 1199 1796 SAGRAMEN'PO

540 2389 796 2475 TITULUS
834 2391 852 2471 Ι

582 2632 642 2690 DE
670 2631 809 2691 MISSA

178 2943 370 3011 Concilium
389 2944 641 3024 Tridentinunr,
675 2943 710 3007 in
741 2943 880 3008 Decreto
911 2945 952 3008 de
983 2944 1199 3008 observandis
1227 2953 1259 3007 et

132 3059 296 3124 evitandis
321 3060 355 3122 in
379 3059 601 3122 celebratione
628 3059 752 3141 misse,
779 3081 863 3122 sess,
891 3057 1003 3140 XXII,
1032 3057 1100 3121 heee
1125 3055 1256 3122 habet:

133 3199 148 3230 n
182 3171 317 3250 Quanta
351 3195 429 3237 cura
463 3171 653 3248 adhibenda
687 3172 747 3252 sit,
783 3179 821 3236 ut
859 3180 1112 3237 sacrosanctum
1147 3171 1258 3236 missae

132 3287 335 3351 sacrificium
351 3287 443 3351 ornni
462 3285 636 3372 religionis
656 3287 750 3350 cultu
765 3309 803 3350 ae
818 3287 1036 3351 veneratione
1057 3285 1256 3368 celebretur,

131 3399 244 3486 quivis
263 3399 360 3464 fneile
380 3399 547 3466 aestimare
572 3401 712 3486 poterit,
734 3399 791 3486 qui
811 3400 968 3486 cogitarit
987 3400 1205 3466 maledictum
1224 3400 1258 3464 in

132 3507 237 3577 saeris
262 3513 400 3578 Litteris
424 3536 503 3577 eum
525 3512 639 3577 vocari
659 3511 717 3600 qui
745 3511 825 3602 iacit
845 3537 930 3602 opus
949 3515 1013 3578 Dei
1032 3514 1254 3601 negligenter.

132 3625 232 3704 Quod
251 3627 279 3691 si
304 3627 493 3692 necessario
517 3625 678 3706 fatemur,
701 3625 834 3691 nullum
858 3627 948 3692 aliud
973 3651 1058 3715 opus
1078 3627 1161 3692 adeo
1182 3650 1258 3694 sen·

131 3749 225 3806 etum
253 3763 292 3806 ae
323 3739 476 3804 divinum
505 3763 523 3804 a
554 3739 832 3806 christifidelibus
856 3741 993 3806 tractari
1017 3763 1256 3828 posse,qua1n

131 3854 196 3918 hoc
214 3855 327 3942 ipsum
345 3852 560 3919 tremendum
585 3853 802 3939 mysterium,
820 3877 887 3941 quo
907 3854 1041 3919 vivifica
1060 3854 1118 3918 illa
1133 3853 1255 3936 hoslie,

131 3967 290 4055 qua'Deo
315 3967 409 4032 Patri
434 3959 640 4032 reconciliati
660 3991 792 4049 sumne,
815 3967 849 4031 in
870 3967 968 4032 alteri
986 3991 1047 4055 per
1066 3969 1257 4033 secerdotes

131 4080 283 4168 quotidie
310 4081 517 4161 immolatur,
539 4080 623 4145 satis
649 4080 752 4144 etiarn
781 4077 936 4168 apparet,
959 4103 1094 4146 omnem
1121 4104 1257 4168 operam

131 4201 165 4258 et
192 4193 405 4281 diligentiam
433 4194 468 4258 in
497 4217 536 4258 eo
564 4193 757 4281 ponendam
790 4216 864 4258 esse
892 4201 930 4258 ut
957 4201 1083 4282 quanta
1110 4195 1258 4260 maxima

131 4305 204 4372 fieri
234 4315 348 4397 potest
375 4309 527 4375 interiori
560 4307 672 4374 cordis
705 4307 871 4372 munditia
903 4314 936 4371 et
967 4309 1129 4395 puritate,
1156 4315 1255 4398 atque

238 4431 322 4466 Mtssn.
1100 4431 1110 4481 1
