3180 5024
220 507 264 558 DE
283 503 551 557 Tnausnlsslonn
570 506 611 576 ET
630 504 854 557 combutionis
874 505 1171 558 ELEEMOSYNARUM
1207 505 1259 558 205

129 653 145 736 ξ
165 647 351 738 Praeterea)
374 669 382 718 ς
409 677 425 710 «
449 649 615 715 Mandant
636 650 729 714 utin
753 658 928 744 posterum
947 672 1066 716 omnes
1086 657 1120 716 et
1134 651 1261 740 singuli

128 764 256 852 ubique
281 763 476 830 locorum...
505 769 690 850 utcumque
710 762 752 827 ad
772 764 952 830 missarum
970 787 1072 829 onera
1087 765 1259 853 implenda

129 878 289 967 obligati,
311 878 384 943 sive
414 876 652 958 ecclesiastici,
682 877 754 942 sive
785 877 879 959 laici,
913 879 948 942 in
982 881 1050 963 fine
1075 879 1259 966 cujuslibet

129 994 223 1077 anni,
246 993 428 1058 missarum
448 1013 550 1056 onera
570 1014 645 1078 quse
665 992 797 1078 reliqua
815 1000 896 1056 sunt
915 1000 947 1056 et
961 989 1087 1077 quibus
1108 995 1259 1060 nondum

127 1107 371 1193 satisfecerint,
389 1107 543 1192 propriis
563 1105 754 1170 Ordinariis
774 1106 928 1190 tradant,
946 1107 1047 1194 juxta
1062 1107 1200 1173 modum
1216 1108 1259 1174 ab

129 1222 171 1286 iis
184 1221 425 1290 definiendum.
443 1249 459 1282 »
474 1221 559 1286 Tota
572 1227 625 1284 est
637 1217 671 1285 S.
688 1218 927 1307 Congregatio,
950 1221 984 1284 in
1004 1219 1140 1287 decreto
1165 1222 1259 1307 Vipi-

130 1339 229 1422 tanti,
250 1344 289 1402 ut
308 1335 502 1425 prohibeat,
523 1335 663 1400 damnet
683 1343 716 1400 et
736 1335 898 1422 impediat
912 1337 1120 1403 collectiones
1139 1339 1259 1406 missa-

127 1475 205 1518 rum
224 1451 317 1534 (aliis
336 1450 458 1516 deinde
478 1449 710 1516 sacerdotibus
729 1451 995 1537 tradendarum),
1013 1459 1051 1516 ut
1065 1459 1199 1518 constat
1218 1477 1259 1520 ex

127 1575 246 1634 tenore
269 1566 372 1654 hujus
397 1565 541 1646 decreti3
569 1587 610 1630 ex
635 1565 687 1630 his
712 1564 804 1630 enim
828 1565 1101 1650 collectionibus,
1123 1574 1162 1632 ut
1185 1567 1259 1657 ipsa

128 1681 189 1764 ait,
213 1681 341 1745 «mala
365 1701 440 1768 quae
463 1678 700 1767 deplorantur,
722 1679 939 1767 potissimum
963 1681 1129 1768 originem
1157 1682 1259 1750 vires-

129 1818 195 1883 que
216 1794 360 1874 ducunt3
383 1820 399 1855 o
415 1793 518 1874 unde,
536 1799 575 1857 ut
590 1793 651 1858 has
667 1793 885 1858 collectiones
898 1793 1067 1858 efficacius
1083 1796 1256 1884 impediat,

127 1910 209 1992 imo,
231 1917 287 1992 ut,¹
304 1909 333 1974 si
352 1931 428 1996 qum
448 1906 666 1974 collectiones
677 1907 749 1996 jam
769 1929 960 1973 accrescere
980 1909 1179 1996 inceperint,
1202 1933 1259 1975 eas

127 2024 265 2112 penitus
283 2022 454 2104 destruat,
476 2015 510 2086 et
529 2021 690 2110 dissipet,
712 2022 867 2110 praecipit
886 2029 924 2086 ut
944 2020 1087 2110 quilibet
1110 2023 1152 2087 ad
1176 2023 1259 2090 mis-

127 2161 242 2203 sarum
269 2159 371 2201 onera
395 2135 568 2224 implenda
594 2134 751 2224 obligati,
787 2137 821 2202 in
848 2138 916 2221 fine
948 2137 1132 2223 cujuslibet
1158 2139 1255 2222 anni,

127 2273 230 2316 onera
252 2251 400 2338 reliqna,
423 2271 483 2316 seu
503 2273 578 2338 quae
597 2255 799 2337 supersunt,
821 2249 958 2315 tradant
978 2249 1166 2339 Episcopis.
1203 2311 1206 2318 .

176 2468 270 2538 110.
289 2507 333 2518 —
349 2467 499 2537 Sensus
518 2465 639 2554 hujus
654 2467 856 2554 praecepti.
877 2505 920 2514 -
940 2465 1067 2532 Sensus
1087 2490 1166 2556 ergo
1186 2477 1254 2551 est,

129 2589 182 2664 nt,
197 2583 225 2647 si
238 2583 331 2670 quis,
349 2583 383 2646 in
396 2582 462 2647 line
476 2580 572 2661 anni,
590 2577 713 2644 habeat
725 2601 830 2667 penes
843 2601 896 2661 se,
912 2603 945 2645 v.
968 2604 1016 2667 g.,
1039 2581 1132 2646 mille
1156 2605 1257 2648 onera

129 2696 326 2776 missarum,
349 2719 424 2784 quae
448 2694 600 2759 nondum
619 2693 695 2758 aliis
721 2691 953 2758 sacerdotibus
972 2693 1149 2760 tradiderit
1172 2695 1258 2761 cele-

128 2809 288 2892 branda,·
304 2817 339 2874 et
364 2808 488 2897 quibus
517 2807 590 2896 ipse
616 2829 684 2872 non
713 2805 927 2887 satisfecerit,
956 2829 995 2870 ea
1022 2829 1089 2870 non
1113 2808 1258 2874 retineat

127 2923 219 3013 apud
238 2947 286 3004 se,
309 2923 368 2990 sed
383 2922 495 2988 tradat
511 2922 669 3010 episcopo
689 2919 767 3002 loci,
790 2919 847 3008 qui
867 2920 1147 3008 quamcitissime
1163 2943 1258 2986 cura-

127 3037 179 3102 bit
204 3060 243 3103 ea
266 3036 455 3126 adimpleri.
470 3036 602 3100 'Verum
622 3035 696 3124 ipsa
722 3035 895 3120 dispositio
920 3033 1006 3120 legis
1030 3035 1139 3122 magis
1164 3043 1259 3124 patet

127 3173 233 3240 quarn
253 3152 339 3216 ratio
358 3150 470 3238 legis:
492 3150 578 3215 ratio
601 3149 689 3237 legis
713 3155 845 3236 spectat
863 3146 1077 3236 potissimum
1098 3148 1257 3216 collecto-

127 3287 182 3330 res
210 3265 406 3346 missamm,
428 3263 605 3351 dispositio
631 3261 718 3350 legis
742 3262 786 3327 ad
812 3285 931 3327 omnes
949 3263 1161 3348 extenditur,
1189 3287 1257 3330 non

127 3379 220 3444 enim
233 3378 437 3467 distinguit:
460 3405 476 3438 α
494 3376 615 3442 Omnes
629 3383 661 3441 et
679 3377 847 3462 sinpnli...
866 3376 1046 3442 missarum
1066 3401 1167 3445 onera
1181 3379 1257 3445 reli-

127 3517 196 3582 qua
223 3492 371 3559 tradant.
397 3517 413 3554 »
444 3529 487 3542 -
511 3491 691 3574 Attamen,
719 3497 758 3556 ut
778 3497 873 3578 patet
899 3513 940 3556 ex
969 3499 1085 3558 tenore
1112 3493 1254 3574 decreti,

127 3631 198 3674 non
226 3607 339 3696 agitur
361 3605 428 3672 nisi
451 3605 493 3670 de
513 3602 672 3670 oneribus
697 3603 894 3686 missarum,
920 3627 1070 3691 quornm
1094 3605 1257 3690 adimple-

129 3731 282 3786 mentum
317 3728 448 3805 urpeat.
478 3719 576 3785 Unde
605 3738 615 3802 ε,
646 3721 677 3783 1.
706 3717 761 3800 Si,
785 3717 820 3782 in
849 3718 915 3783 line
942 3719 1038 3800 anni,
1070 3740 1175 3806 penes
1202 3739 1257 3783 me

128 3835 272 3901 habeam
292 3833 390 3923 plura
416 3833 596 3898 missarum
622 3821 756 3914 onera,¹
772 3854 832 3920 pro
858 3830 982 3919 quibus
1011 3831 1254 3920 adimplendis,
1358 3901 1361 3910 ,

127 3974 170 4016 ec
190 3951 262 4037 ipsa
285 3948 501 4033 offerentium
527 3947 713 4030 voluntate,
736 3945 819 4010 mihi
843 3952 1041 4010 remaneant
1059 3945 1168 4011 adhuc
1187 3951 1256 4010 tres

127 4073 188 4130 aut
206 4071 352 4153 quatuor
371 4085 517 4144 menseS,
540 4083 608 4126 non
629 4068 747 4126 teneor
766 4082 804 4125 ea
824 4058 958 4124 tradere
979 4059 1162 4147 Episcopo;
1185 4057 1256 4123 haec

127 4179 220 4243 enim
235 4201 350 4260 onera,
364 4177 490 4266 quibus
506 4197 570 4240 non
584 4181 697 4272 teneor
710 4174 904 4258 satisfacere
920 4173 984 4238 nisi
999 4173 1093 4259 infra
1107 4179 1256 4259 quatuor

129 4315 257 4360 menses
280 4291 438 4378 proxime
460 4294 617 4375 futuros,
641 4311 709 4354 non
734 4293 879 4376 possunt
897 4286 964 4352 dici
983 4309 1083 4352 onera
1105 4287 1253 4374 reliqua,
