3224 5044
394 557 437 608 DE
456 557 628 609 lllsstflUM
647 557 876 609 ELEEMOSYNIS
896 557 1105 610 Mlauaulssus
1279 557 1313 610 85

186 701 231 766 lia
250 701 466 788 particularia
486 723 524 766 ea
545 700 659 789 aliquo
680 701 780 765 modo
795 701 1013 789 prohibuere3
1035 703 1083 766 sic
1098 725 1192 767 conc.
1215 702 1311 768 Tole-

185 823 321 897 tanum,
355 838 411 880 an.
447 815 549 896 1324,
579 838 608 880 c.
631 836 664 880 vr
693 835 700 881 :
732 843 747 874 a
782 815 979 880 Districtius
1005 815 1242 905 prohibemus,
1268 839 1310 881 ne

184 929 308 1016 aliquis
331 928 510 1016 presbyter
534 952 595 1016 pro
622 929 735 994 missis
760 929 971 995 celebrandis
996 931 1174 1018 pecuniam
1197 915 1329 1016 enipat⁸

184 1043 239 1114 vel
255 1066 327 1107 rem
346 1042 449 1108 aliam
473 1043 713 1131 temporalem,
743 1042 803 1108 scd
826 1051 922 1130 grate
946 1044 1091 1132 accipiat
1114 1045 1144 1110 si
1163 1044 1307 1132 aliquid,

184 1181 244 1245 per
273 1156 452 1222 facientem
482 1156 604 1221 missas
637 1155 816 1238 celebrari,
848 1156 1000 1222 oblatum
1038 1157 1102 1222 sibi
1135 1159 1310 1223 caritative

185 1270 297 1350 luerit,
320 1269 448 1358 absque
468 1278 567 1358 pacto
588 1279 623 1336 et
641 1271 860 1336 contentione
881 1293 1094 1359 quacumque
1108 1275 1130 1336 ¹.
1157 1299 1171 1332 n

229 1507 296 1576 ³9.
310 1545 354 1555 —
366 1507 650 1594 Propugnetur
669 1506 929 1594 eleemosynae
947 1508 1161 1576 missarum
1180 1507 1311 1595 legiti-

183 1623 315 1690 mitas.
329 1659 373 1670 ·-
387 1621 536 1685 Licitum
555 1629 615 1704 est,
634 1643 699 1685 non
714 1629 848 1684 tentum
862 1621 1025 1706 accipere,
1046 1622 1105 1686 scd
1123 1622 1224 1686 etiam
1239 1623 1309 1686 eari-

182 1755 278 1820 9ere,
299 1743 492 1800 consuetam
517 1735 763 1820 eleemosynam
791 1756 848 1799 seu
874 1736 1100 1820 stipendium,
1117 1758 1184 1821 pro
1209 1737 1309 1801 missa

183 1849 395 1915 celebranda.

229 1964 261 2024 l⁰
279 1962 484 2026 Declaratur
502 1963 703 2048 propositio.
719 2001 763 2010 -—
776 1961 922 2027 Licitum
942 1985 1016 2027 esse
1036 1963 1204 2027 sacerdoti
1224 1963 1309 2028 acci·
1381 1997 1389 2010 ·

183 2098 261 2163 pere
286 2075 539 2163 eleemosynam
564 2084 681 2162 sponte
706 2075 873 2158 oblatam,
900 2075 988 2164 apud
1013 2099 1132 2141 ornnes
1156 2083 1306 2159 constat,

183 2212 415 2276 necunquam
434 2189 505 2254 ulla
518 2190 668 2261 ¹concilia
689 2191 769 2276 (nec
789 2189 891 2255 etiam
917 2213 1018 2278 supra
1041 2190 1185 2255 relatum
1210 2213 1304 2256 conc.

182 2303 397 2391 Toletanum)
418 2303 504 2368 illud
518 2303 732 2392 prohibuere,
748 2327 810 2368 nec
826 2304 928 2370 etiam
943 2304 1052 2369 ullum
1067 2304 1101 2368 in
1117 2304 1181 2370 hoc
1196 2311 1308 2372 exstat
1391 2311 1403 2327 ‘

182 2418 367 2503 vestigium
391 2417 541 2482 avaritiae
573 2425 632 2483 aut
664 2418 832 2498 simoniae;
861 2419 951 2482 unde
982 2419 1034 2483 vis
1064 2419 1320 2508 propositionis¹

165 2531 370 2622 praesertim
389 2532 496 2596 estin
516 2529 682 2597 vocabulo
703 2533 847 2616 ccipere.
871 2531 1014 2619 Insuper
1037 2532 1148 2619 agitur
1171 2533 1212 2598 de
1231 2555 1307 2598 con-

181 2653 275 2710 sueta
294 2645 527 2732 eleemosyna,
550 2669 618 2710 non
648 2645 690 2710 de
718 2645 934 2732 eleemosyna
958 2645 1096 2711 arbitrio
1123 2646 1308 2712 sacerdotis

182 2760 347 2846 augenda.
384 2759 537 2824 Dicimus
565 2767 679 2826 autem
710 2760 955 2845 eleemosynam
993 2781 1052 2823 seu
1080 2760 1285 2846 stipendium
1294 2779 1308 2842 ,·

181 2873 290 2961 magis
305 2880 419 2938 tamen
434 2873 546 2960 placet
565 2873 769 2938 vocabulum
788 2872 997 2957 eleemosyna
1003 2891 1018 2955 ,⁸
1037 2872 1116 2937 licet
1131 2872 1221 2937 enim
1241 2895 1308 2938 vox

179 2987 387 3073 stipendium
414 2985 612 3052 adhibeatur
635 3009 654 3052 a
680 2994 798 3052 sancto
818 2987 925 3052 Paulo
945 2985 979 3074 (l
1000 2985 1093 3066 Con,
1118 3008 1168 3067 rx,
1191 2989 1246 3074 Ἰ),
1273 2994 1307 3052 et

180 3101 299 3166 multis
318 3100 524 3182 doctoribus,
546 3101 689 3166 verbum
707 3081 916 3187 eleemosyna
936 3101 1044 3188 magis
1063 3100 1235 3165 conforme
1255 3107 1306 3166 est

179 3215 354 3280 traditioni
384 3215 638 3297 ecclesiasticen,
665 3215 900 3304 efficaciusque
931 3220 1068 3280 revocat
1096 3215 1131 3280 in
1157 3221 1305 3280 mentem

179 3329 365 3395 sacerdotis
393 3353 514 3417 puram
540 3329 634 3394 illam
665 3329 906 3409 intentionem,
936 3352 1013 3394 cum
1039 3353 1106 3417 qua
1137 3329 1304 3395 celebrare

178 3441 280 3508 debet
306 3465 401 3508 sacra
426 3444 599 3530 mysteria.

223 3557 257 3620 2ο
275 3557 539 3622 Demonstratur
549 3558 738 3644 propositio
759 3580 771 3623 .·

225 3673 255 3736 l.
282 3671 352 3736 Usu
374 3673 477 3737 totius
497 3659 662 3737 Ecclesiae.
677 3709 720 3721 -
737 3671 792 3736 Ab
811 3679 931 3736 octavo
951 3671 1042 3735 enim
1057 3671 1180 3735 saeculo
1195 3692 1303 3758 usque

177 3807 268 3850 nunc
287 3808 369 3850 usus
388 3786 576 3852 communis
596 3793 648 3851 est
668 3785 844 3866 Ecclesiae,
866 3791 904 3849 ut
924 3784 1116 3850 sacerdotes
1139 3806 1208 3848 non
1227 3789 1303 3848 tan—

177 3905 251 3963 tum
277 3898 460 3986 accipiant,
489 3898 693 3982 sedetiam,
720 3899 895 3964 occasione
921 3897 1015 3978 data,
1046 3899 1202 3983 eaiqant,
1230 3919 1303 3961 mo-

176 4011 272 4077 deste
296 4013 451 4100 quidem,
477 4011 537 4078 sed
560 4019 674 4079 tamen
703 4013 857 4100 exigant,
880 4019 1077 4077 consuetam
1097 4011 1219 4100 stipem
1242 4033 1302 4098 pro

176 4125 280 4190 missa
300 4124 516 4207 celebranda;
534 4127 624 4192 hunc
644 4133 757 4192 autem
775 4149 875 4192 usum
896 4125 1062 4206 Ecclesia,
1081 4147 1150 4190 non
1169 4130 1303 4189 tantum

210 4353 218 4387 ¹
236 4353 336 4406 Mansi,
354 4357 373 4403 t.
390 4369 450 4412 xxv,
465 4355 517 4404 col.
533 4359 587 4402 7³3.
