3224 5044
339 480 389 534 160
672 521 675 530 .
817 480 860 530 DE
878 477 979 530 nlssa

338 631 400 711 iat,
424 629 460 708 5,
484 647 567 690 sess.
592 624 696 705 XXV,
720 624 771 688 DE
791 643 886 690 nard
911 623 1088 701 «Quando
1108 624 1267 710 igiturex
1285 627 1467 710 beneficio-

337 765 415 806 rum
446 761 741 826 quorumcumque
772 739 934 802 erectione
964 761 1021 802 seu
1051 739 1270 824 fundatione,
1299 749 1361 804 aut
1390 742 1469 806 aliis

332 853 647 936 constitutionibus,
670 852 852 940 qualitates
877 851 1000 941 aliqum
1020 853 1252 940 requiruntur,
1282 876 1345 918 seu
1374 865 1469 920 certa

335 969 403 1032 iliis
427 989 530 1032 onere
555 975 636 1031 sunt
660 968 815 1054 injuncta
825 985 839 1050 ,¹
860 967 895 1030 in
921 967 1160 1052 beneficiorum
1185 967 1383 1052 collatione,
1407 992 1468 1034 seu

335 1084 369 1146 in
395 1103 611 1168 quecumque
639 1081 705 1144 alia
732 1081 962 1165 dispositione,
988 1081 1035 1144 cis
1064 1103 1130 1145 non
1160 1081 1358 1166 deroqetur.
1385 1111 1401 1142 n
1432 1082 1468 1148 Si

334 1197 436 1261 etiam
463 1196 666 1283 EpiscopuS,
693 1216 752 1282 per
771 1194 927 1280 quamvis
956 1195 1223 1279 dispositionem,
1254 1217 1323 1258 non
1350 1204 1470 1282 potest

334 1310 495 1396 derogare
516 1307 723 1388 fundationi,
746 1331 764 1370 a
782 1307 911 1371 fortiori
930 1307 1002 1394 ipse
1023 1306 1228 1395 capellanus

379 1425 415 1490 30
444 1423 731 1509 Quotiescumque
770 1421 930 1485 fundator
962 1443 1030 1484 non
1064 1421 1168 1508 jussit
1206 1423 1402 1507 specialiter
1435 1433 1470 1488 et

332 1559 484 1622 ecpressc
504 1534 717 1622 capellanum
737 1533 906 1599 celebrare
928 1557 993 1619 per
1010 1557 1044 1598 sc
1067 1537 1193 1619 ipsum,
1221 1535 1347 1622 poterit
1375 1537 1470 1602 eele-

333 1649 429 1715 brare
445 1670 509 1734 per
527 1649 646 1713 atium.
661 1686 706 1696 —
721 1647 865 1713 Constat
884 1647 1023 1732 Repulit
1036 1647 1144 1732 duris,
1161 1648 1195 1712 in
1209 1648 1268 1729 Vl,
1287 1649 1331 1714 68
1347 1656 1384 1714 et
1399 1651 1466 1718 72:

329 1793 349 1826 a
374 1765 492 1829 Potest
511 1763 587 1850 quis
606 1785 666 1850 per
685 1761 806 1844 alium,
828 1761 918 1848 quod
931 1761 1052 1848 'potest
1070 1760 1178 1827 facere
1197 1784 1313 1849 perse
1334 1763 1465 1852 ipsum.

332 1877 461 1958 -Qui
494 1876 573 1941 iacit
595 1899 655 1963 per
673 1876 794 1956 alium,
823 1883 876 1940 est
900 1875 1040 1962 perinde
1074 1897 1112 1939 ac
1143 1873 1172 1938 si
1203 1874 1304 1941 faciat
1338 1901 1402 1965 per
1427 1903 1468 1944 se

331 1995 455 2082 ipsum.
492 2020 507 2053 n
546 1990 628 2068 Quae
665 1989 788 2075 regulae
821 1989 959 2053 omnino
993 1989 1208 2077 applicantur
1240 1989 1469 2056 celebrationi

332 2107 462 2186 missio,
490 2129 581 2192 quac,
608 2127 626 2168 a
652 2125 864 2192 quocumque
888 2077 1062 2168 sacerdote
1092 2103 1279 2192 peragitur,
1307 2105 1467 2192 ejusdem

333 2227 383 2284 est
409 2219 547 2283 valoris¹
577 2218 674 2284 Unde
700 2217 859 2283 fundator
889 2217 943 2282 his
973 2217 1100 2305 regulis
1126 2217 1337 2282 conformare
1363 2241 1467 2284 suam

330 2333 556 2398 intentionem
575 2333 808 2419 praesumitur,
831 2333 897 2397 nisi
916 2333 1014 2396 aliter
1033 2332 1124 2396 dieat
1139 2335 1159 2396 ¹.

376 2445 409 2509 1ο
435 2445 500 2525 Qui
526 2452 662 2510 tenetur
690 2447 732 2510 ad
759 2445 1020 2511 celebrationem
1051 2445 1299 2532 quotidianam,
1330 2452 1364 2510 et
1391 2468 1465 2510 non

332 2567 467 2624 tenetur
491 2559 660 2624 celebrare
678 2583 744 2644 per
766 2582 799 2624 se
826 2561 953 2646 ipisum,
980 2557 1096 2639 debet,
1123 2557 1314 2624 hisdiebus
1335 2559 1465 2648 quibus

331 2697 398 2738 non
419 2664 583 2752 celebrat,
605 2695 782 2760 procurare
802 2681 840 2738 ut
860 2697 918 2761 per
938 2673 1041 2738 alium
1065 2671 1267 2738 celebretur.
1293 2675 1464 2740 —Ratio

329 2795 382 2853 est
407 2788 485 2876 quin
518 2787 662 2852 intentio
686 2786 889 2866 fundatoris,
913 2786 1162 2875 praescribentis
1187 2787 1326 2874 quidem
1346 2788 1463 2875 quoti-

327 2903 464 2967 dianam
485 2901 757 2980 celebrationem,
776 2900 835 2965 sed
851 2923 918 2965 non
934 2899 1102 2988 exigentis
1112 2901 1328 2986 personalem
1348 2901 1464 2990 capel·

330 3017 400 3082 lani
433 3015 712 3096 celebrationem,
745 3013 917 3102 possibilis
948 3023 1000 3080 est
1027 3038 1090 3079 nec
1123 3015 1265 3079 nimium
1293 3037 1461 3096 onerosa,

330 3131 419 3196 unde
439 3129 645 3194 adamussim
668 3127 845 3217 adimpleri
865 3127 981 3210 debet,
1005 3128 1106 3215 juxta
1124 3129 1329 3217 principium
1354 3153 1463 3216 genc-

329 3245 398 3308 rale
424 3265 512 3330 serpe
532 3243 660 3329 injure
680 3242 857 3324 canonico,
882 3267 915 3308 v.
939 3266 987 3329 g.,
1019 3243 1053 3306 in
1081 3243 1198 3308 statim
1221 3243 1329 3308 relato
1357 3267 1458 3310 cone.

329 3355 418 3420 Trid.
455 3379 484 3420 c.
520 3356 619 3420 Ratio
645 3357 815 3442 postulat,
847 3365 1031 3436 assertum,
1067 3355 1158 3444 quod
1189 3379 1311 3444 nempe
1336 3358 1461 3423 voiun-

330 3479 380 3534 tes
407 3471 604 3555 fundatoris
629 3493 696 3555 pro
722 3471 791 3555 iope
821 3471 975 3536 habenda
1003 3479 1063 3536 est.
1097 3470 1140 3535 Et
1170 3470 1217 3535 ita
1243 3493 1396 3559 semper,
1424 3472 1461 3536 in

237 3563 243 3573 Ι
325 3585 418 3651 dieta
439 3585 567 3673 specie,
590 3584 765 3672 respondit
783 3585 819 3650 S.
838 3585 963 3671 Congr.
987 3583 1107 3665 Cone,
1130 3608 1164 3650 v.
1186 3608 1235 3672 g.,
1251 3585 1286 3649 in
1308 3585 1457 3670 Cotton,

332 3699 371 3767 18
391 3707 477 3789 sept.
502 3697 604 3779 1683,
627 3698 669 3763 ad
688 3698 746 3778 6²;
773 3737 818 3748 —
838 3699 872 3763 in
892 3699 1120 3785 ipporeqien„
1147 3698 1190 3763 24
1215 3696 1298 3764 febr.
1328 3699 1417 3766 1872
1432 3701 1455 3766 ³.

373 3817 407 3880 5⁰
429 3812 510 3893 Qui,
527 3812 627 3900 juxta
651 3811 859 3878 fundationis
890 3811 1040 3894 tabulas,
1071 3819 1207 3878 tenetur
1236 3814 1279 3879 ad
1304 3812 1458 3879 celebra-

360 4059 368 4092 ¹
389 4059 447 4107 lloc
462 4057 516 4106 late
530 4057 699 4106 demonstrat
720 4057 841 4122 Pugnan,
857 4056 884 4105 in
904 4072 928 4106 c.
947 4057 980 4106 111
997 4056 1110 4108 abbates
1128 4059 1318 4122 (1,Deaetate
1339 4060 1366 4107 et
1388 4073 1457 4122 qua·

327 4139 418 4197 litate,
435 4137 512 4202 ete),
526 4151 552 4185 n.
568 4141 663 4186 60-89.

358 4217 369 4252 ²
385 4217 472 4275 Quam
485 4217 566 4267 refert
577 4217 740 4267 Benedictus
752 4217 824 4278 er,
834 4217 874 4268 De
885 4217 1020 4282 sacrificio
1035 4218 1135 4278 missae,
1149 4234 1212 4282 pars
1227 4217 1261 4278 11,
1273 4233 1299 4267 n.
1316 4223 1356 4277 20,
1373 4233 1399 4280 p.
1413 4220 1453 4266 si.

358 4297 369 4332 ³
389 4297 555 4356 Thesaurus,
572 4300 591 4347 t.
605 4303 858 4363 mxx1,p.1ootso.
876 4325 903 4336 —
917 4299 957 4347 Ct.
973 4299 1041 4350 Acta
1054 4299 1079 4349 S.
1094 4299 1183 4358 Sedis,
1195 4303 1215 4348 t.
1227 4315 1277 4358 vn,
1294 4313 1322 4362 ρ.
1338 4301 1452 4346 isi-isa.
