3246 5026
654 479 856 533 oocultssu'ra
1265 479 1316 534 377

191 624 318 686 modum
342 625 424 685 enim
446 623 617 705 Episcopus
637 624 760 704 adigere
782 631 886 706 potest
909 625 1118 700 sacerdotem,
1142 633 1177 687 ut
1198 627 1319 708 populo
1430 621 1437 636 '

191 741 313 783 sacrum
329 719 421 781 iaciat
437 719 547 780 diebus
567 721 670 794 lestis,
688 721 730 782 ita
746 721 840 782 etiam
856 729 960 802 potest
980 721 1117 782 indicere
1132 724 1264 804 populo,
1282 730 1316 782 ut

190 817 360 879 celebranti
380 816 534 877 sacerdoti
554 825 739 878 consuetum
760 817 951 898 stipendium
970 818 1149 898 elargiatur.
1167 819 1201 878 Id
1223 819 1315 879 etiam

190 935 229 976 cx
252 913 336 975 Trid.
358 913 456 974 Conc.
481 913 665 986 desumitur,
688 935 762 974 sess.
781 913 903 988 XXIII,
925 935 992 995 eap.
1011 936 1070 990 xiv,
1095 915 1140 976 De
1163 914 1314 996 reforma·

192 1009 289 1088 tione,
312 1009 364 1070 uhi
380 1010 448 1070 haec
461 1008 631 1088 leguntur:
655 1011 751 1069 Curet
770 1014 875 1070 autem
890 1009 1083 1091 Episcopus,
1103 1016 1136 1070 ut
1158 1010 1183 1070 ii
1203 1010 1316 1070 saltem

190 1105 303 1167 diebus
323 1103 506 1180 dominicis,
529 1113 558 1166 et
576 1104 667 1187 sestis
686 1105 895 1182 solemnibus,
914 1114 987 1180 etc,
1004 1106 1119 1167 Missas
1137 1105 1318 1185 celebrent,·

190 1202 344 1282 siquidem
360 1201 437 1262 illud
452 1202 602 1261 verbum:
621 1201 727 1279 Curet,
745 1209 935 1284 praeceptum
951 1203 1064 1262 inlerre
1079 1204 1110 1261 in
1127 1204 1185 1262 liae
1200 1203 1317 1282 gravis-

190 1299 266 1358 sima
283 1319 391 1372 causa,
408 1317 470 1357 non
487 1304 534 1357 est
553 1297 771 1358 dubitandum.
791 1299 859 1358 Hoc
874 1306 966 1379 pacto
984 1298 1108 1358 concilii
1128 1297 1315 1358 sententiam

190 1393 325 1474 explicat
349 1393 570 1474 PasqualiguS,
596 1393 649 1474 qui
678 1394 828 1474 scriptum
853 1393 895 1454 ila
920 1394 1061 1476 reliquit,
1088 1394 1134 1453 De
1158 1392 1319 1475 sacrificio

130 1569 135 1578 Ι
191 1489 309 1564 missae,
327 1485 450 1571 quaesit.
472 1509 623 1563 occcxur,
647 1509 677 1550 n.
702 1494 759 1550 ll:
784 1489 820 1550 Si
842 1489 874 1550 in
899 1490 1008 1573 aliquo
1030 1489 1144 1572 oppido
1169 1489 1210 1550 sit
1235 1510 1319 1548 unus·

192 1593 313 1648 tantum
329 1585 489 1662 sacerdos,
507 1586 564 1668 qui
579 1592 723 1647 teneatur
741 1581 902 1648 celebrare
917 1585 1029 1648 diebus
1043 1585 1148 1668 sestis,
1166 1594 1196 1647 et
1210 1585 1317 1666 adsint

190 1682 250 1744 atii
268 1683 429 1764 simplices
448 1681 639 1760 sacerdotes,
655 1682 774 1763 poterit
793 1683 957 1764 episcopus
977 1705 1027 1744 eos
1047 1703 1158 1766 cepere
1177 1681 1219 1743 ad
1238 1683 1320 1742 cele·

191 1778 349 1840 brarrdum
366 1777 478 1840 diebus
492 1778 593 1862 festis.
611 1778 703 1840 Ratio
719 1785 778 1856 est,
797 1777 873 1862 quia
888 1778 976 1840 adest
992 1777 1170 1861 indigentia
1184 1778 1313 1859 populi,

148 1941 156 1956 ,
190 1897 225 1938 eo
249 1874 335 1959 quod
357 1873 493 1957 difficile
517 1874 572 1950 sit,
595 1875 681 1958 qrrorl
704 1897 810 1936 omnes
834 1875 940 1936 eadem
967 1876 1044 1936 hora
1068 1873 1254 1934 conveniant
1275 1873 1318 1933 ad

190 1971 381 2034 audiemlam
408 1969 536 2031 missam
545 1989 557 2048 ,·
581 1979 610 2031 et
635 1970 705 2031 ideo
731 1993 802 2030 cum
829 1971 1004 2032 sacerdotes
1031 1969 1168 2032 habeant
1194 1968 1318 2030 ratione

191 2067 313 2129 ordinis
336 2089 450 2127 mortus
474 2089 566 2127 suum
590 2065 752 2128 addictum
765 2069 898 2148 popule,
922 2067 1040 2148 poterit
1064 2065 1239 2148 Episcopus
1265 2086 1316 2126 eos

191 2183 316 2248 cepere,
341 2171 374 2223 ut
394 2162 578 2244 impendant
598 2161 741 2245 officium
763 2185 855 2224 suum
870 2164 990 2245 populo
1012 2161 1173 2244 offerendo
1194 2161 1317 2241 sacrifi-

191 2260 293 2337 cium,
332 2265 365 2319 ut
400 2257 520 2342 absque
555 2257 747 2340 difficultate
777 2259 880 2341 possit
915 2259 1091 2342 adimplere
1120 2265 1315 2340 praeceptum

190 2354 344 2417 audiendi
362 2377 499 2416 sacrum.
518 2354 555 2414 In
571 2355 629 2417 tali
649 2364 752 2417 tamen
767 2377 840 2417 casu
859 2357 1016 2417 tenebitur
1031 2357 1171 2438 populus
1190 2353 1317 2437 aliquid

191 2451 392 2514 contribuere
419 2451 459 2511 iis
491 2451 709 2512 sacerdotibus
735 2472 794 2532 pro
823 2451 1092 2529 substentatione,·
1120 2449 1211 2534 quia,
1245 2471 1316 2508 cum

192 2547 373 2608 ministrent
396 2547 530 2628 populo,
561 2539 684 2629 re'quum
715 2555 774 2619 est,
804 2547 890 2628 qrrud
917 2547 1076 2628 accipiant
1104 2545 1232 2628 aliquid
1255 2567 1316 2626 pro

191 2643 448 2704 substentatione.

232 2738 329 2800 Porro
357 2739 485 2800 difficile
513 2761 641 2820 prorsus
668 2739 794 2800 videtur
823 2740 926 2800 omnia
955 2741 1022 2800 hac
1051 2739 1141 2798 simul
1170 2739 1315 2818 copulata

191 2835 394 2917 deprehendi.
418 2835 509 2904 Quod
529 2837 553 2896 si
576 2857 625 2898 res
645 2837 687 2897 ita
707 2857 740 2896 se
760 2834 903 2910 haberet,
929 2844 1017 2910 tunc,
1040 2837 1118 2895 Ven.
1143 2835 1260 2904 Frater,
1278 2855 1316 2893 ex

191 2933 228 2993 iis
261 2933 482 3014 eleemosyniS,
513 2919 590 3014 quas
616 2933 682 3014 ipse
711 2934 816 3012 egenis
842 2928 966 3012 elargiri
994 2933 1078 3012 largo
1107 2930 1314 3000 consuevisti,

192 3028 381 3110 stipendium
407 3050 463 3108 pro
489 3050 522 3088 re
551 3029 655 3089 divina
689 3029 832 3089 facienda
860 3029 1074 3088 sacerdotibus
1103 3047 1230 3107 crogare
1261 3025 1319 3085 de-

192 3125 297 3199 beres,
319 3145 375 3184 nec
400 3124 464 3183 ullo
486 3125 580 3185 modo
602 3125 755 3206 perferre,
780 3131 815 3185 ut
834 3125 1018 3185 sacrificium
1034 3125 1152 3184 iterent
1171 3121 1314 3204 parochi,

192 3221 306 3301 quibus
330 3241 393 3280 non
417 3219 503 3280 deest
528 3221 606 3281 alius
627 3219 787 3294 sacerdos,
813 3221 866 3301 qui
888 3220 997 3280 diebus
1018 3221 1104 3280 lestis
1124 3218 1240 3301 populo
1261 3219 1318 3278 mi·

193 3316 314 3376 nistret.

233 3411 309 3472 Post
323 3413 404 3484 haec,
422 3433 491 3494 quae
507 3434 523 3473 a
539 3413 629 3473 nobis
648 3414 768 3494 prolata
783 3415 822 3474 ad
839 3415 1001 3475 veritatem
1022 3415 1237 3474 illustrandam
1255 3414 1316 3474 dici

193 3515 338 3588 possunt,
360 3508 398 3568 ad
422 3529 457 3568 ea
477 3529 651 3569 sermonem
675 3511 905 3584 transferimus,
928 3531 997 3590 quae
1017 3511 1056 3570 ab
1078 3511 1153 3590 ipsis
1174 3509 1319 3590 parochis

193 3604 325 3684 proponi
341 3603 495 3665 audimus.
514 3599 722 3665 Vehementer
736 3605 794 3687 ipsi
810 3613 1057 3686 conqueruntur,
1074 3606 1098 3664 si
1114 3604 1246 3666 facultas
1261 3606 1317 3664 ite-

192 3701 281 3760 randi
298 3701 438 3761 sacrificii
453 3701 563 3761 diebus
578 3701 666 3761 lestis
681 3702 754 3783 ipsis
770 3702 942 3776 adimatur;
960 3701 1097 3783 eoquod
1117 3723 1244 3762 munere
1260 3722 1317 3761 suo

192 3795 336 3877 perlungi
359 3805 531 3879 nequeant,
552 3797 636 3880 quod
657 3819 719 3859 non
739 3798 839 3859 solum
860 3798 1062 3859 constituitur
1081 3798 1113 3858 in
1132 3797 1317 3859 celebranda

192 3897 223 3952 et
238 3892 423 3972 applicanda
443 3894 535 3953 missa
550 3915 607 3974 pro
622 3894 754 3975 populo,
772 3916 841 3955 cum
863 3895 933 3954 festi
953 3895 1018 3954 dies
1039 3901 1241 3976 peraguntur,
1263 3893 1318 3953 sed

193 3988 286 4048 etiam
313 3989 344 4048 in
371 3990 563 4070 explicandis
590 3991 747 4071 religionis
773 3991 947 4072 mysteriis,
973 3991 1186 4072 tradendaque
1212 3991 1317 4071 pueris

193 4083 362 4146 christiana
381 4085 560 4165 disciplina,
583 4107 652 4146 cum
678 4087 715 4146 ad
741 4107 861 4147 sacrum
887 4087 1075 4148 audiendum
1102 4087 1132 4146 in
1156 4086 1319 4148 ecclesiam

193 4181 396 4242 conveniunt.

235 4276 451 4376 Incredibilem
485 4299 523 4338 ex
550 4277 609 4339 hoc
639 4279 833 4359 voluptatem
864 4301 937 4340 sane
965 4277 1175 4361 percepimus;
1203 4269 1320 4339 etenim
