<?xml version="1.0" encoding="UTF-8"?>
<!DOCTYPE html PUBLIC "-//W3C//DTD XHTML 1.0 Transitional//EN"
    "http://www.w3.org/TR/xhtml1/DTD/xhtml1-transitional.dtd">
<html xmlns="http://www.w3.org/1999/xhtml" xml:lang="en" lang="en">
 <head>
  <title>
</title>
<meta http-equiv="Content-Type" content="text/html;charset=utf-8" />
  <meta name='ocr-system' content='tesseract 3.04.00' />
  <meta name='ocr-capabilities' content='ocr_page ocr_carea ocr_par ocr_line ocrx_word'/>
</head>
<body>
  <div class='ocr_page' id='page_1' title='image "./praelectionesde01manygoog_0394.png"; bbox 0 0 3246 5026; ppageno 0'>
   <div class='ocr_carea' id='block_1_1' title="bbox 658 473 1321 528">
    <p class='ocr_par' dir='ltr' id='par_1_1' title="bbox 658 473 1321 528">
     <span class='ocr_line' id='line_1_1' title="bbox 658 473 1321 528; baseline -0.003 0"><span class='ocrx_word' id='word_1_1' title='bbox 658 477 859 528; x_wconf 75' lang='lat' dir='ltr'><strong>DOCUMENTA</strong></span> <span class='ocrx_word' id='word_1_2' title='bbox 1034 495 1042 508; x_wconf 89' lang='lat'><em>·</em></span> <span class='ocrx_word' id='word_1_3' title='bbox 1269 473 1321 526; x_wconf 80' lang='lat'><strong>375</strong></span> 
     </span>
    </p>
   </div>
   <div class='ocr_carea' id='block_1_2' title="bbox 125 619 1320 4363">
    <p class='ocr_par' dir='ltr' id='par_1_2' title="bbox 125 619 1320 2415">
     <span class='ocr_line' id='line_1_2' title="bbox 194 619 1320 701; baseline 0.002 -19"><span class='ocrx_word' id='word_1_4' title='bbox 194 621 349 701; x_wconf 88' lang='lat' dir='ltr'><strong>Gargani,</strong></span> <span class='ocrx_word' id='word_1_5' title='bbox 366 620 536 681; x_wconf 76' lang='lat' dir='ltr'><strong>declaravit</strong></span> <span class='ocrx_word' id='word_1_6' title='bbox 554 641 679 682; x_wconf 86' lang='lat' dir='ltr'><strong>causam</strong></span> <span class='ocrx_word' id='word_1_7' title='bbox 695 621 888 681; x_wconf 75' lang='lat' dir='ltr'><strong>necessitatis</strong></span> <span class='ocrx_word' id='word_1_8' title='bbox 903 620 942 682; x_wconf 89' lang='lat' dir='ltr'><strong>ab</strong></span> <span class='ocrx_word' id='word_1_9' title='bbox 957 621 1140 682; x_wconf 85' lang='lat' dir='ltr'><strong>Innocentio</strong></span> <span class='ocrx_word' id='word_1_10' title='bbox 1155 619 1320 683; x_wconf 81' lang='lat' dir='ltr'><strong>admissam</strong></span> 
     </span>
     <span class='ocr_line' id='line_1_3' title="bbox 194 715 1320 800; baseline 0 -22"><span class='ocrx_word' id='word_1_11' title='bbox 194 737 355 800; x_wconf 90' lang='lat' dir='ltr'><strong>nunquam</strong></span> <span class='ocrx_word' id='word_1_12' title='bbox 375 717 499 792; x_wconf 84' lang='lat' dir='ltr'><strong>adesse,</strong></span> <span class='ocrx_word' id='word_1_13' title='bbox 520 737 591 777; x_wconf 92' lang='lat' dir='ltr'><strong>cum</strong></span> <span class='ocrx_word' id='word_1_14' title='bbox 611 717 689 777; x_wconf 90' lang='lat' dir='ltr'><strong>alius</strong></span> <span class='ocrx_word' id='word_1_15' title='bbox 713 717 873 777; x_wconf 90' lang='lat' dir='ltr'><strong>invenitur</strong></span> <span class='ocrx_word' id='word_1_16' title='bbox 896 715 1057 792; x_wconf 81' lang='lat' dir='ltr'><strong>sacerdos,</strong></span> <span class='ocrx_word' id='word_1_17' title='bbox 1078 717 1132 798; x_wconf 91' lang='lat' dir='ltr'><strong>qui</strong></span> <span class='ocrx_word' id='word_1_18' title='bbox 1152 717 1320 778; x_wconf 90' lang='lat' dir='ltr'><strong>secundam</strong></span> 
     </span>
     <span class='ocr_line' id='line_1_4' title="bbox 192 813 1319 895; baseline 0.002 -23"><span class='ocrx_word' id='word_1_19' title='bbox 192 815 318 874; x_wconf 91' lang='lat' dir='ltr'><strong>missam</strong></span> <span class='ocrx_word' id='word_1_20' title='bbox 343 813 501 874; x_wconf 88' lang='lat' dir='ltr'><strong>celebrare</strong></span> <span class='ocrx_word' id='word_1_21' title='bbox 523 819 643 895; x_wconf 87' lang='lat' dir='ltr'><strong>potest;</strong></span> <span class='ocrx_word' id='word_1_22' title='bbox 674 813 842 874; x_wconf 88' lang='lat' dir='ltr'><strong>secundam</strong></span> <span class='ocrx_word' id='word_1_23' title='bbox 866 814 983 895; x_wconf 84' lang='lat' dir='ltr'><strong>quippe</strong></span> <span class='ocrx_word' id='word_1_24' title='bbox 1006 813 1132 873; x_wconf 89' lang='lat' dir='ltr'><strong>missam</strong></span> <span class='ocrx_word' id='word_1_25' title='bbox 1156 813 1257 873; x_wconf 89' lang='lat' dir='ltr'><strong>noluit</strong></span> <span class='ocrx_word' id='word_1_26' title='bbox 1281 814 1319 874; x_wconf 94' lang='lat' dir='ltr'><strong>ab</strong></span> 
     </span>
     <span class='ocr_line' id='line_1_5' title="bbox 192 909 1320 992; baseline 0.001 -23"><span class='ocrx_word' id='word_1_27' title='bbox 192 909 429 992; x_wconf 81' lang='lat' dir='ltr'><strong>archiepiscopo</strong></span> <span class='ocrx_word' id='word_1_28' title='bbox 443 910 476 968; x_wconf 91' lang='lat' dir='ltr'><strong>in</strong></span> <span class='ocrx_word' id='word_1_29' title='bbox 492 911 621 971; x_wconf 89' lang='lat' dir='ltr'><strong>ecclesia</strong></span> <span class='ocrx_word' id='word_1_30' title='bbox 636 911 752 970; x_wconf 91' lang='lat' dir='ltr'><strong>montis</strong></span> <span class='ocrx_word' id='word_1_31' title='bbox 769 910 904 988; x_wconf 84' lang='lat' dir='ltr'><strong>Gargani</strong></span> <span class='ocrx_word' id='word_1_32' title='bbox 920 909 1086 984; x_wconf 88' lang='lat' dir='ltr'><strong>celebrari,</strong></span> <span class='ocrx_word' id='word_1_33' title='bbox 1102 931 1140 970; x_wconf 88' lang='lat' dir='ltr'><strong>ex</strong></span> <span class='ocrx_word' id='word_1_34' title='bbox 1155 931 1218 992; x_wconf 91' lang='lat' dir='ltr'><strong>quo</strong></span> <span class='ocrx_word' id='word_1_35' title='bbox 1233 910 1320 970; x_wconf 88' lang='lat' dir='ltr'><strong>inve-</strong></span> 
     </span>
     <span class='ocr_line' id='line_1_6' title="bbox 191 1005 1319 1088; baseline 0.001 -24"><span class='ocrx_word' id='word_1_36' title='bbox 191 1006 319 1066; x_wconf 91' lang='lat' dir='ltr'><strong>risimile</strong></span> <span class='ocrx_word' id='word_1_37' title='bbox 343 1006 402 1087; x_wconf 91' lang='lat' dir='ltr'><strong>ipsi</strong></span> <span class='ocrx_word' id='word_1_38' title='bbox 427 1007 528 1066; x_wconf 91' lang='lat' dir='ltr'><strong>visum</strong></span> <span class='ocrx_word' id='word_1_39' title='bbox 553 1014 615 1082; x_wconf 90' lang='lat' dir='ltr'><strong>est,</strong></span> <span class='ocrx_word' id='word_1_40' title='bbox 636 1006 722 1088; x_wconf 93' lang='lat' dir='ltr'><strong>quod</strong></span> <span class='ocrx_word' id='word_1_41' title='bbox 745 1005 825 1066; x_wconf 89' lang='lat' dir='ltr'><strong>alius</strong></span> <span class='ocrx_word' id='word_1_42' title='bbox 849 1027 913 1066; x_wconf 94' lang='lat' dir='ltr'><strong>non</strong></span> <span class='ocrx_word' id='word_1_43' title='bbox 936 1006 1059 1067; x_wconf 87' lang='lat' dir='ltr'><strong>adesset</strong></span> <span class='ocrx_word' id='word_1_44' title='bbox 1083 1006 1244 1081; x_wconf 90' lang='lat' dir='ltr'><strong>sacerdos,</strong></span> <span class='ocrx_word' id='word_1_45' title='bbox 1265 1007 1319 1088; x_wconf 92' lang='lat' dir='ltr'><strong>qui</strong></span> 
     </span>
     <span class='ocr_line' id='line_1_7' title="bbox 192 1102 1319 1184; baseline -0.001 -22"><span class='ocrx_word' id='word_1_46' title='bbox 192 1103 316 1162; x_wconf 90' lang='lat' dir='ltr'><strong>missam</strong></span> <span class='ocrx_word' id='word_1_47' title='bbox 332 1103 364 1162; x_wconf 90' lang='lat' dir='ltr'><strong>in</strong></span> <span class='ocrx_word' id='word_1_48' title='bbox 377 1103 486 1162; x_wconf 88' lang='lat' dir='ltr'><strong>eadem</strong></span> <span class='ocrx_word' id='word_1_49' title='bbox 502 1103 630 1163; x_wconf 89' lang='lat' dir='ltr'><strong>ecclesia</strong></span> <span class='ocrx_word' id='word_1_50' title='bbox 645 1103 802 1163; x_wconf 87' lang='lat' dir='ltr'><strong>celebrare</strong></span> <span class='ocrx_word' id='word_1_51' title='bbox 817 1109 934 1183; x_wconf 87' lang='lat' dir='ltr'><strong>posset,</strong></span> <span class='ocrx_word' id='word_1_52' title='bbox 945 1102 1036 1184; x_wconf 84' lang='lat' dir='ltr'><strong>juxta</strong></span> <span class='ocrx_word' id='word_1_53' title='bbox 1051 1103 1206 1162; x_wconf 89' lang='lat' dir='ltr'><strong>monitum</strong></span> <span class='ocrx_word' id='word_1_54' title='bbox 1219 1102 1319 1162; x_wconf 90' lang='lat' dir='ltr'><strong>cardi·</strong></span> 
     </span>
     <span class='ocr_line' id='line_1_8' title="bbox 192 1197 1319 1280; baseline 0.001 -22"><span class='ocrx_word' id='word_1_55' title='bbox 192 1199 270 1259; x_wconf 88' lang='lat' dir='ltr'><strong>nalis</strong></span> <span class='ocrx_word' id='word_1_56' title='bbox 290 1199 328 1260; x_wconf 91' lang='lat' dir='ltr'><strong>de</strong></span> <span class='ocrx_word' id='word_1_57' title='bbox 343 1199 595 1274; x_wconf 88' lang='lat' dir='ltr'><strong>Turrecremata,</strong></span> <span class='ocrx_word' id='word_1_58' title='bbox 617 1200 648 1258; x_wconf 93' lang='lat' dir='ltr'><strong>in</strong></span> <span class='ocrx_word' id='word_1_59' title='bbox 666 1219 734 1261; x_wconf 92' lang='lat' dir='ltr'><strong>can.</strong></span> <span class='ocrx_word' id='word_1_60' title='bbox 758 1197 903 1280; x_wconf 79' lang='lat' dir='ltr'><strong>Sufficit,</strong></span> <span class='ocrx_word' id='word_1_61' title='bbox 921 1199 979 1260; x_wconf 94' lang='lat' dir='ltr'><strong>sub</strong></span> <span class='ocrx_word' id='word_1_62' title='bbox 994 1219 1080 1260; x_wconf 93' lang='lat' dir='ltr'><strong>num.</strong></span> <span class='ocrx_word' id='word_1_63' title='bbox 1100 1198 1135 1278; x_wconf 79' lang='lat'><strong>4,</strong></span> <span class='ocrx_word' id='word_1_64' title='bbox 1151 1199 1199 1258; x_wconf 89' lang='lat' dir='ltr'><strong>De</strong></span> <span class='ocrx_word' id='word_1_65' title='bbox 1214 1219 1319 1259; x_wconf 85' lang='lat' dir='ltr'><strong>conse·</strong></span> 
     </span>
     <span class='ocr_line' id='line_1_9' title="bbox 190 1294 1319 1377; baseline 0 -23"><span class='ocrx_word' id='word_1_66' title='bbox 190 1294 346 1374; x_wconf 81' lang='lat' dir='ltr'><strong>eratione,</strong></span> <span class='ocrx_word' id='word_1_67' title='bbox 368 1295 440 1356; x_wconf 90' lang='lat' dir='ltr'><strong>dist.</strong></span> <span class='ocrx_word' id='word_1_68' title='bbox 463 1297 487 1356; x_wconf 90' lang='lat' dir='ltr'><strong>l.</strong></span> <span class='ocrx_word' id='word_1_69' title='bbox 510 1296 557 1355; x_wconf 91' lang='lat' dir='ltr'><strong>En</strong></span> <span class='ocrx_word' id='word_1_70' title='bbox 579 1296 647 1377; x_wconf 87' lang='lat' dir='ltr'><strong>ejus</strong></span> <span class='ocrx_word' id='word_1_71' title='bbox 669 1295 785 1356; x_wconf 89' lang='lat' dir='ltr'><strong>verba:</strong></span> <span class='ocrx_word' id='word_1_72' title='bbox 808 1294 899 1369; x_wconf 86' lang='lat' dir='ltr'><strong>Quod</strong></span> <span class='ocrx_word' id='word_1_73' title='bbox 919 1301 1024 1356; x_wconf 89' lang='lat' dir='ltr'><strong>autem</strong></span> <span class='ocrx_word' id='word_1_74' title='bbox 1047 1295 1080 1355; x_wconf 86' lang='lat' dir='ltr'><strong>in</strong></span> <span class='ocrx_word' id='word_1_75' title='bbox 1103 1294 1256 1356; x_wconf 80' lang='lat' dir='ltr'><strong>decretali</strong></span> <span class='ocrx_word' id='word_1_76' title='bbox 1275 1296 1319 1354; x_wconf 89' lang='lat' dir='ltr'><strong>Tc</strong></span> 
     </span>
     <span class='ocr_line' id='line_1_10' title="bbox 191 1383 1319 1475; baseline 0.002 -25"><span class='ocrx_word' id='word_1_77' title='bbox 191 1392 360 1466; x_wconf 84' lang='lat' dir='ltr'><strong>referente,</strong></span> <span class='ocrx_word' id='word_1_78' title='bbox 379 1392 555 1474; x_wconf 77' lang='lat' dir='ltr'><strong>Episcopus</strong></span> <span class='ocrx_word' id='word_1_79' title='bbox 569 1391 693 1454; x_wconf 88' lang='lat' dir='ltr'><strong>videtur</strong></span> <span class='ocrx_word' id='word_1_80' title='bbox 708 1391 913 1474; x_wconf 85' lang='lat' dir='ltr'><strong>reprebendi,</strong></span> <span class='ocrx_word' id='word_1_81' title='bbox 930 1392 1016 1475; x_wconf 89' lang='lat' dir='ltr'><strong>quod</strong></span> <span class='ocrx_word' id='word_1_82' title='bbox 1036 1391 1086 1452; x_wconf 86' lang='lat' dir='ltr'><strong>bis</strong></span> <span class='ocrx_word' id='word_1_83' title='bbox 1105 1383 1319 1452; x_wconf 82' lang='lat' dir='ltr'><strong>celebraverat</strong></span> 
     </span>
     <span class='ocr_line' id='line_1_11' title="bbox 190 1487 1318 1572; baseline 0.002 -26"><span class='ocrx_word' id='word_1_84' title='bbox 190 1487 242 1547; x_wconf 87' lang='lat' dir='ltr'><strong>die</strong></span> <span class='ocrx_word' id='word_1_85' title='bbox 252 1509 357 1568; x_wconf 80' lang='lat' dir='ltr'><strong>coenae,</strong></span> <span class='ocrx_word' id='word_1_86' title='bbox 371 1495 417 1550; x_wconf 83' lang='lat' dir='ltr'><strong>est</strong></span> <span class='ocrx_word' id='word_1_87' title='bbox 423 1495 558 1570; x_wconf 87' lang='lat' dir='ltr'><strong>propter</strong></span> <span class='ocrx_word' id='word_1_88' title='bbox 569 1489 637 1567; x_wconf 81' lang='lat' dir='ltr'><strong>bod,</strong></span> <span class='ocrx_word' id='word_1_89' title='bbox 652 1489 728 1572; x_wconf 88' lang='lat' dir='ltr'><strong>quia</strong></span> <span class='ocrx_word' id='word_1_90' title='bbox 742 1509 803 1548; x_wconf 86' lang='lat' dir='ltr'><strong>non</strong></span> <span class='ocrx_word' id='word_1_91' title='bbox 817 1491 885 1550; x_wconf 82' lang='lat' dir='ltr'><strong>era&#39;t</strong></span> <span class='ocrx_word' id='word_1_92' title='bbox 896 1509 1029 1566; x_wconf 83' lang='lat' dir='ltr'><strong>necesse,</strong></span> <span class='ocrx_word' id='word_1_93' title='bbox 1043 1487 1129 1571; x_wconf 87' lang='lat' dir='ltr'><strong>quod</strong></span> <span class='ocrx_word' id='word_1_94' title='bbox 1140 1487 1318 1570; x_wconf 82' lang='lat' dir='ltr'><strong>Episcopus</strong></span> 
     </span>
     <span class='ocr_line' id='line_1_12' title="bbox 125 1583 1319 1668; baseline 0.001 -25"><span class='ocrx_word' id='word_1_95' title='bbox 125 1655 131 1661; x_wconf 30' lang='lat'>¹</span> <span class='ocrx_word' id='word_1_96' title='bbox 190 1583 394 1663; x_wconf 79' lang='lat' dir='ltr'><strong>celebrasset,</strong></span> <span class='ocrx_word' id='word_1_97' title='bbox 407 1585 472 1645; x_wconf 85' lang='lat' dir='ltr'><strong>nisi</strong></span> <span class='ocrx_word' id='word_1_98' title='bbox 487 1584 518 1644; x_wconf 79' lang='lat' dir='ltr'><strong>r&#39;n</strong></span> <span class='ocrx_word' id='word_1_99' title='bbox 536 1585 594 1645; x_wconf 87' lang='lat' dir='ltr'><strong>illa</strong></span> <span class='ocrx_word' id='word_1_100' title='bbox 609 1585 741 1646; x_wconf 84' lang='lat' dir='ltr'><strong>ecclesia</strong></span> <span class='ocrx_word' id='word_1_101' title='bbox 757 1584 790 1644; x_wconf 87' lang='lat' dir='ltr'><strong>in</strong></span> <span class='ocrx_word' id='word_1_102' title='bbox 806 1584 923 1668; x_wconf 86' lang='lat' dir='ltr'><strong>quade</strong></span> <span class='ocrx_word' id='word_1_103' title='bbox 942 1583 1169 1646; x_wconf 51' lang='lat' dir='ltr'><strong>cor‘rsuetudine</strong></span> <span class='ocrx_word' id='word_1_104' title='bbox 1184 1583 1319 1646; x_wconf 88' lang='lat' dir='ltr'><strong>debebat</strong></span> 
     </span>
     <span class='ocr_line' id='line_1_13' title="bbox 189 1679 1318 1764; baseline 0 -24"><span class='ocrx_word' id='word_1_105' title='bbox 189 1679 329 1742; x_wconf 79' lang='lat' dir='ltr'><strong>chrisme</strong></span> <span class='ocrx_word' id='word_1_106' title='bbox 344 1681 512 1764; x_wconf 83' lang='lat' dir='ltr'><strong>conficere,</strong></span> <span class='ocrx_word' id='word_1_107' title='bbox 530 1681 606 1764; x_wconf 88' lang='lat' dir='ltr'><strong>quia</strong></span> <span class='ocrx_word' id='word_1_108' title='bbox 622 1682 679 1741; x_wconf 89' lang='lat' dir='ltr'><strong>boc</strong></span> <span class='ocrx_word' id='word_1_109' title='bbox 695 1702 757 1741; x_wconf 88' lang='lat' dir='ltr'><strong>non</strong></span> <span class='ocrx_word' id='word_1_110' title='bbox 767 1687 873 1762; x_wconf 87' lang='lat' dir='ltr'><strong>potest</strong></span> <span class='ocrx_word' id='word_1_111' title='bbox 888 1680 952 1740; x_wconf 85' lang='lat' dir='ltr'><strong>nisi</strong></span> <span class='ocrx_word' id='word_1_112' title='bbox 966 1681 1157 1762; x_wconf 77' lang='lat' dir='ltr'><strong>Episcopus,</strong></span> <span class='ocrx_word' id='word_1_113' title='bbox 1176 1687 1206 1742; x_wconf 88' lang='lat' dir='ltr'><strong>et</strong></span> <span class='ocrx_word' id='word_1_114' title='bbox 1221 1681 1318 1742; x_wconf 88' lang='lat' dir='ltr'><strong>aliam</strong></span> 
     </span>
     <span class='ocr_line' id='line_1_14' title="bbox 190 1771 1319 1860; baseline 0.001 -25"><span class='ocrx_word' id='word_1_115' title='bbox 190 1776 318 1836; x_wconf 78' lang='lat' dir='ltr'><strong>nussam</strong></span> <span class='ocrx_word' id='word_1_116' title='bbox 349 1775 511 1838; x_wconf 87' lang='lat' dir='ltr'><strong>celebrare</strong></span> <span class='ocrx_word' id='word_1_117' title='bbox 535 1783 661 1859; x_wconf 89' lang='lat' dir='ltr'><strong>poterat</strong></span> <span class='ocrx_word' id='word_1_118' title='bbox 688 1777 827 1857; x_wconf 77' lang='lat' dir='ltr'><strong>simplex</strong></span> <span class='ocrx_word' id='word_1_119' title='bbox 854 1775 1015 1854; x_wconf 86' lang='lat' dir='ltr'><strong>sacerdos,</strong></span> <span class='ocrx_word' id='word_1_120' title='bbox 1040 1771 1117 1860; x_wconf 79' lang='lat' dir='ltr'><strong>quia</strong></span> <span class='ocrx_word' id='word_1_121' title='bbox 1141 1777 1319 1859; x_wconf 85' lang='lat' dir='ltr'><strong>verosimile</strong></span> 
     </span>
     <span class='ocr_line' id='line_1_15' title="bbox 189 1871 1319 1954; baseline 0.001 -22"><span class='ocrx_word' id='word_1_122' title='bbox 189 1881 249 1950; x_wconf 89' lang='lat' dir='ltr'><strong>est,</strong></span> <span class='ocrx_word' id='word_1_123' title='bbox 266 1872 459 1954; x_wconf 83' lang='lat' dir='ltr'><strong>Episcopum</strong></span> <span class='ocrx_word' id='word_1_124' title='bbox 471 1894 565 1954; x_wconf 89' lang='lat' dir='ltr'><strong>posse</strong></span> <span class='ocrx_word' id='word_1_125' title='bbox 575 1894 637 1954; x_wconf 88' lang='lat' dir='ltr'><strong>per</strong></span> <span class='ocrx_word' id='word_1_126' title='bbox 652 1871 805 1934; x_wconf 78' lang='lat' dir='ltr'><strong>ricarium</strong></span> <span class='ocrx_word' id='word_1_127' title='bbox 821 1871 997 1950; x_wconf 87' lang='lat' dir='ltr'><strong>celebrare,</strong></span> <span class='ocrx_word' id='word_1_128' title='bbox 1015 1880 1044 1932; x_wconf 86' lang='lat' dir='ltr'><strong>et</strong></span> <span class='ocrx_word' id='word_1_129' title='bbox 1065 1872 1098 1932; x_wconf 90' lang='lat' dir='ltr'><strong>in</strong></span> <span class='ocrx_word' id='word_1_130' title='bbox 1113 1872 1245 1933; x_wconf 87' lang='lat' dir='ltr'><strong>ecclesia</strong></span> <span class='ocrx_word' id='word_1_131' title='bbox 1261 1872 1319 1933; x_wconf 88' lang='lat' dir='ltr'><strong>illa</strong></span> 
     </span>
     <span class='ocr_line' id='line_1_16' title="bbox 184 1968 1317 2050; baseline 0 -20"><span class='ocrx_word' id='word_1_132' title='bbox 184 1970 297 2049; x_wconf 87' lang='lat' dir='ltr'><strong>plures</strong></span> <span class='ocrx_word' id='word_1_133' title='bbox 311 1968 489 2030; x_wconf 85' lang='lat' dir='ltr'><strong>sacerdotes</strong></span> <span class='ocrx_word' id='word_1_134' title='bbox 503 1969 614 2050; x_wconf 81' lang='lat' dir='ltr'><strong>fuisse.</strong></span> <span class='ocrx_word' id='word_1_135' title='bbox 627 1969 718 2037; x_wconf 84' lang='lat' dir='ltr'><strong>Quod</strong></span> <span class='ocrx_word' id='word_1_136' title='bbox 729 1969 822 2029; x_wconf 90' lang='lat' dir='ltr'><strong>etiam</strong></span> <span class='ocrx_word' id='word_1_137' title='bbox 833 1975 906 2029; x_wconf 87' lang='lat' dir='ltr'><strong>ante</strong></span> <span class='ocrx_word' id='word_1_138' title='bbox 923 1969 1112 2028; x_wconf 88' lang='lat' dir='ltr'><strong>cardinalem</strong></span> <span class='ocrx_word' id='word_1_139' title='bbox 1123 1990 1140 2029; x_wconf 91' lang='lat' dir='ltr'><strong>a</strong></span> <span class='ocrx_word' id='word_1_140' title='bbox 1151 1969 1317 2030; x_wconf 87' lang='lat' dir='ltr'><strong>Turrecre-</strong></span> 
     </span>
     <span class='ocr_line' id='line_1_17' title="bbox 188 2063 1315 2147; baseline 0.002 -23"><span class='ocrx_word' id='word_1_141' title='bbox 188 2073 270 2126; x_wconf 89' lang='lat' dir='ltr'><strong>mata</strong></span> <span class='ocrx_word' id='word_1_142' title='bbox 287 2066 353 2147; x_wconf 90' lang='lat' dir='ltr'><strong>jam</strong></span> <span class='ocrx_word' id='word_1_143' title='bbox 374 2066 476 2126; x_wconf 88' lang='lat' dir='ltr'><strong>luerat</strong></span> <span class='ocrx_word' id='word_1_144' title='bbox 495 2066 679 2126; x_wconf 89' lang='lat' dir='ltr'><strong>adnotatum</strong></span> <span class='ocrx_word' id='word_1_145' title='bbox 700 2065 738 2126; x_wconf 89' lang='lat' dir='ltr'><strong>ab</strong></span> <span class='ocrx_word' id='word_1_146' title='bbox 756 2063 930 2139; x_wconf 87' lang='lat' dir='ltr'><strong>Hostiensi,</strong></span> <span class='ocrx_word' id='word_1_147' title='bbox 947 2066 979 2124; x_wconf 94' lang='lat' dir='ltr'><strong>in</strong></span> <span class='ocrx_word' id='word_1_148' title='bbox 992 2086 1060 2146; x_wconf 91' lang='lat' dir='ltr'><strong>cap.</strong></span> <span class='ocrx_word' id='word_1_149' title='bbox 1083 2065 1124 2126; x_wconf 84' lang='lat' dir='ltr'><strong>Te</strong></span> <span class='ocrx_word' id='word_1_150' title='bbox 1143 2064 1315 2146; x_wconf 74' lang='lat' dir='ltr'><strong>referente,</strong></span> 
     </span>
     <span class='ocr_line' id='line_1_18' title="bbox 188 2161 1317 2243; baseline 0.001 -22"><span class='ocrx_word' id='word_1_151' title='bbox 188 2183 274 2222; x_wconf 93' lang='lat' dir='ltr'><strong>num.</strong></span> <span class='ocrx_word' id='word_1_152' title='bbox 291 2161 328 2235; x_wconf 77' lang='lat'><strong>43</strong></span> <span class='ocrx_word' id='word_1_153' title='bbox 345 2161 384 2222; x_wconf 88' lang='lat' dir='ltr'><strong>ab</strong></span> <span class='ocrx_word' id='word_1_154' title='bbox 400 2162 540 2222; x_wconf 89' lang='lat' dir='ltr'><strong>Antonio</strong></span> <span class='ocrx_word' id='word_1_155' title='bbox 555 2162 595 2222; x_wconf 89' lang='lat' dir='ltr'><strong>de</strong></span> <span class='ocrx_word' id='word_1_156' title='bbox 613 2162 739 2236; x_wconf 92' lang='lat' dir='ltr'><strong>Butrio,</strong></span> <span class='ocrx_word' id='word_1_157' title='bbox 762 2183 856 2243; x_wconf 86' lang='lat' dir='ltr'><strong>super</strong></span> <span class='ocrx_word' id='word_1_158' title='bbox 875 2161 985 2223; x_wconf 91' lang='lat' dir='ltr'><strong>eodem</strong></span> <span class='ocrx_word' id='word_1_159' title='bbox 1006 2169 1111 2235; x_wconf 87' lang='lat' dir='ltr'><strong>textu,</strong></span> <span class='ocrx_word' id='word_1_160' title='bbox 1129 2183 1214 2223; x_wconf 93' lang='lat' dir='ltr'><strong>num.</strong></span> <span class='ocrx_word' id='word_1_161' title='bbox 1232 2164 1269 2235; x_wconf 78' lang='lat'><strong>33</strong></span> <span class='ocrx_word' id='word_1_162' title='bbox 1286 2169 1317 2222; x_wconf 89' lang='lat' dir='ltr'><strong>et</strong></span> 
     </span>
     <span class='ocr_line' id='line_1_19' title="bbox 187 2257 1317 2340; baseline 0.003 -24"><span class='ocrx_word' id='word_1_163' title='bbox 187 2257 226 2317; x_wconf 87' lang='lat' dir='ltr'><strong>ab</strong></span> <span class='ocrx_word' id='word_1_164' title='bbox 240 2257 373 2336; x_wconf 89' lang='lat' dir='ltr'><strong>Abbate,</strong></span> <span class='ocrx_word' id='word_1_165' title='bbox 389 2279 483 2339; x_wconf 88' lang='lat' dir='ltr'><strong>super</strong></span> <span class='ocrx_word' id='word_1_166' title='bbox 492 2259 601 2318; x_wconf 90' lang='lat' dir='ltr'><strong>eodem</strong></span> <span class='ocrx_word' id='word_1_167' title='bbox 613 2279 739 2340; x_wconf 89' lang='lat' dir='ltr'><strong>quoque</strong></span> <span class='ocrx_word' id='word_1_168' title='bbox 755 2265 842 2318; x_wconf 82' lang='lat' dir='ltr'><strong>textu</strong></span> <span class='ocrx_word' id='word_1_169' title='bbox 858 2260 889 2317; x_wconf 95' lang='lat' dir='ltr'><strong>in</strong></span> <span class='ocrx_word' id='word_1_170' title='bbox 906 2259 966 2318; x_wconf 83' lang='lat' dir='ltr'><strong>sine</strong></span> <span class='ocrx_word' id='word_1_171' title='bbox 982 2259 1029 2318; x_wconf 93' lang='lat' dir='ltr'><strong>tit.</strong></span> <span class='ocrx_word' id='word_1_172' title='bbox 1043 2259 1090 2318; x_wconf 80' lang='lat' dir='ltr'><strong>lle</strong></span> <span class='ocrx_word' id='word_1_173' title='bbox 1104 2257 1317 2319; x_wconf 79' lang='lat' dir='ltr'><strong>celebratione</strong></span> 
     </span>
     <span class='ocr_line' id='line_1_20' title="bbox 187 2374 367 2415; baseline 0.017 -3"><span class='ocrx_word' id='word_1_174' title='bbox 187 2374 367 2415; x_wconf 78' lang='lat' dir='ltr'><strong>musarum.</strong></span> 
     </span>
    </p>

    <p class='ocr_par' dir='ltr' id='par_1_3' title="bbox 177 2449 1317 4363">
     <span class='ocr_line' id='line_1_21' title="bbox 227 2449 1317 2532; baseline 0.001 -23"><span class='ocrx_word' id='word_1_175' title='bbox 227 2449 381 2512; x_wconf 75' lang='lat' dir='ltr'><strong>Praeterea</strong></span> <span class='ocrx_word' id='word_1_176' title='bbox 410 2471 516 2510; x_wconf 91' lang='lat' dir='ltr'><strong>casum</strong></span> <span class='ocrx_word' id='word_1_177' title='bbox 546 2460 728 2532; x_wconf 86' lang='lat' dir='ltr'><strong>proponunt</strong></span> <span class='ocrx_word' id='word_1_178' title='bbox 749 2451 909 2532; x_wconf 87' lang='lat' dir='ltr'><strong>Episcopi,</strong></span> <span class='ocrx_word' id='word_1_179' title='bbox 936 2452 989 2532; x_wconf 94' lang='lat' dir='ltr'><strong>qui</strong></span> <span class='ocrx_word' id='word_1_180' title='bbox 1016 2459 1165 2532; x_wconf 80' lang='lat' dir='ltr'><strong>praeesset</strong></span> <span class='ocrx_word' id='word_1_181' title='bbox 1193 2451 1317 2511; x_wconf 88' lang='lat' dir='ltr'><strong>duobus</strong></span> 
     </span>
     <span class='ocr_line' id='line_1_22' title="bbox 186 2545 1316 2628; baseline 0.001 -23"><span class='ocrx_word' id='word_1_182' title='bbox 186 2545 432 2627; x_wconf 88' lang='lat' dir='ltr'><strong>episcopatibus,</strong></span> <span class='ocrx_word' id='word_1_183' title='bbox 457 2547 595 2607; x_wconf 80' lang='lat' dir='ltr'><strong>interae</strong></span> <span class='ocrx_word' id='word_1_184' title='bbox 619 2547 744 2621; x_wconf 90' lang='lat' dir='ltr'><strong>vicinis,</strong></span> <span class='ocrx_word' id='word_1_185' title='bbox 768 2548 856 2607; x_wconf 92' lang='lat' dir='ltr'><strong>utin</strong></span> <span class='ocrx_word' id='word_1_186' title='bbox 880 2547 1115 2628; x_wconf 88' lang='lat' dir='ltr'><strong>archiepiscopo</strong></span> <span class='ocrx_word' id='word_1_187' title='bbox 1138 2547 1316 2628; x_wconf 82' lang='lat' dir='ltr'><strong>Sypontino</strong></span> 
     </span>
     <span class='ocr_line' id='line_1_23' title="bbox 185 2641 1314 2721; baseline 0.002 -21"><span class='ocrx_word' id='word_1_188' title='bbox 185 2641 378 2721; x_wconf 88' lang='lat' dir='ltr'><strong>contigisset,</strong></span> <span class='ocrx_word' id='word_1_189' title='bbox 393 2644 418 2702; x_wconf 88' lang='lat' dir='ltr'><strong>si</strong></span> <span class='ocrx_word' id='word_1_190' title='bbox 432 2643 544 2702; x_wconf 91' lang='lat' dir='ltr'><strong>summi</strong></span> <span class='ocrx_word' id='word_1_191' title='bbox 561 2642 730 2704; x_wconf 86' lang='lat' dir='ltr'><strong>Pontifices</strong></span> <span class='ocrx_word' id='word_1_192' title='bbox 746 2643 926 2704; x_wconf 84' lang='lat' dir='ltr'><strong>Alexander</strong></span> <span class='ocrx_word' id='word_1_193' title='bbox 942 2643 988 2701; x_wconf 96' lang='lat' dir='ltr'><strong>lll</strong></span> <span class='ocrx_word' id='word_1_194' title='bbox 1004 2651 1036 2703; x_wconf 88' lang='lat' dir='ltr'><strong>et</strong></span> <span class='ocrx_word' id='word_1_195' title='bbox 1051 2643 1256 2704; x_wconf 92' lang='lat' dir='ltr'><strong>Innocentius</strong></span> <span class='ocrx_word' id='word_1_196' title='bbox 1270 2642 1314 2702; x_wconf 92' lang='lat'><strong>111</strong></span> 
     </span>
     <span class='ocr_line' id='line_1_24' title="bbox 184 2738 1312 2818; baseline 0.001 -21"><span class='ocrx_word' id='word_1_197' title='bbox 184 2739 371 2798; x_wconf 88' lang='lat' dir='ltr'><strong>sententiam</strong></span> <span class='ocrx_word' id='word_1_198' title='bbox 400 2760 462 2799; x_wconf 94' lang='lat' dir='ltr'><strong>non</strong></span> <span class='ocrx_word' id='word_1_199' title='bbox 490 2738 695 2818; x_wconf 89' lang='lat' dir='ltr'><strong>protulissent</strong></span> <span class='ocrx_word' id='word_1_200' title='bbox 721 2747 828 2800; x_wconf 85' lang='lat' dir='ltr'><strong>contra</strong></span> <span class='ocrx_word' id='word_1_201' title='bbox 854 2739 1046 2818; x_wconf 84' lang='lat' dir='ltr'><strong>Garganicos</strong></span> <span class='ocrx_word' id='word_1_202' title='bbox 1070 2738 1312 2812; x_wconf 51' lang='lat' dir='ltr'><strong>contendentem</strong></span> 
     </span>
     <span class='ocr_line' id='line_1_25' title="bbox 184 2833 1311 2916; baseline 0.001 -23"><span class='ocrx_word' id='word_1_203' title='bbox 184 2833 345 2895; x_wconf 88' lang='lat' dir='ltr'><strong>ecclesiam</strong></span> <span class='ocrx_word' id='word_1_204' title='bbox 362 2855 449 2895; x_wconf 90' lang='lat' dir='ltr'><strong>suam</strong></span> <span class='ocrx_word' id='word_1_205' title='bbox 464 2835 673 2916; x_wconf 87' lang='lat' dir='ltr'><strong>episcopalem</strong></span> <span class='ocrx_word' id='word_1_206' title='bbox 689 2856 756 2896; x_wconf 90' lang='lat' dir='ltr'><strong>esse</strong></span> <span class='ocrx_word' id='word_1_207' title='bbox 772 2844 803 2896; x_wconf 90' lang='lat' dir='ltr'><strong>et</strong></span> <span class='ocrx_word' id='word_1_208' title='bbox 823 2835 942 2896; x_wconf 90' lang='lat' dir='ltr'><strong>unitam</strong></span> <span class='ocrx_word' id='word_1_209' title='bbox 958 2833 1096 2895; x_wconf 78' lang='lat' dir='ltr'><strong>ecclesiae</strong></span> <span class='ocrx_word' id='word_1_210' title='bbox 1112 2835 1311 2916; x_wconf 80' lang='lat' dir='ltr'><strong>Sypontinae,</strong></span> 
     </span>
     <span class='ocr_line' id='line_1_26' title="bbox 183 2930 1313 3012; baseline 0 -22"><span class='ocrx_word' id='word_1_211' title='bbox 183 2931 447 3012; x_wconf 88' lang='lat' dir='ltr'><strong>quemadmodum</strong></span> <span class='ocrx_word' id='word_1_212' title='bbox 468 2931 583 3010; x_wconf 83' lang='lat' dir='ltr'><strong>legitur</strong></span> <span class='ocrx_word' id='word_1_213' title='bbox 602 2931 685 3012; x_wconf 92' lang='lat' dir='ltr'><strong>apud</strong></span> <span class='ocrx_word' id='word_1_214' title='bbox 703 2931 881 3012; x_wconf 84' lang='lat' dir='ltr'><strong>Ughellium</strong></span> <span class='ocrx_word' id='word_1_215' title='bbox 902 2931 940 2991; x_wconf 91' lang='lat' dir='ltr'><strong>de</strong></span> <span class='ocrx_word' id='word_1_216' title='bbox 956 2930 1123 3012; x_wconf 87' lang='lat' dir='ltr'><strong>metropoli</strong></span> <span class='ocrx_word' id='word_1_217' title='bbox 1139 2931 1313 3012; x_wconf 79' lang='lat' dir='ltr'><strong>Sypontina</strong></span> 
     </span>
     <span class='ocr_line' id='line_1_27' title="bbox 184 3026 1312 3110; baseline 0 -24"><span class='ocrx_word' id='word_1_218' title='bbox 184 3034 384 3101; x_wconf 88' lang='lat' dir='ltr'><strong>tractantem,</strong></span> <span class='ocrx_word' id='word_1_219' title='bbox 408 3035 482 3089; x_wconf 91' lang='lat' dir='ltr'><strong>tom.</strong></span> <span class='ocrx_word' id='word_1_220' title='bbox 501 3049 540 3088; x_wconf 86' lang='lat' dir='ltr'><strong>vn</strong></span> <span class='ocrx_word' id='word_1_221' title='bbox 559 3026 662 3089; x_wconf 72' lang='lat' dir='ltr'><strong>Italiae</strong></span> <span class='ocrx_word' id='word_1_222' title='bbox 681 3047 804 3107; x_wconf 76' lang='lat' dir='ltr'><strong>sacrm,··</strong></span> <span class='ocrx_word' id='word_1_223' title='bbox 819 3035 1027 3110; x_wconf 79' lang='lat' dir='ltr'><strong>quaeruntque</strong></span> <span class='ocrx_word' id='word_1_224' title='bbox 1046 3048 1085 3088; x_wconf 91' lang='lat' dir='ltr'><strong>an</strong></span> <span class='ocrx_word' id='word_1_225' title='bbox 1102 3027 1159 3088; x_wconf 91' lang='lat' dir='ltr'><strong>sub</strong></span> <span class='ocrx_word' id='word_1_226' title='bbox 1178 3027 1312 3087; x_wconf 87' lang='lat' dir='ltr'><strong>obtentu</strong></span> 
     </span>
     <span class='ocr_line' id='line_1_28' title="bbox 181 3123 1311 3207; baseline 0 -23"><span class='ocrx_word' id='word_1_227' title='bbox 181 3123 315 3184; x_wconf 89' lang='lat' dir='ltr'><strong>chrisma</strong></span> <span class='ocrx_word' id='word_1_228' title='bbox 335 3123 519 3184; x_wconf 85' lang='lat' dir='ltr'><strong>conficiendi</strong></span> <span class='ocrx_word' id='word_1_229' title='bbox 541 3125 571 3183; x_wconf 93' lang='lat' dir='ltr'><strong>in</strong></span> <span class='ocrx_word' id='word_1_230' title='bbox 592 3133 723 3206; x_wconf 87' lang='lat' dir='ltr'><strong>utraque</strong></span> <span class='ocrx_word' id='word_1_231' title='bbox 742 3125 888 3198; x_wconf 90' lang='lat' dir='ltr'><strong>ecclesia,</strong></span> <span class='ocrx_word' id='word_1_232' title='bbox 911 3124 994 3207; x_wconf 92' lang='lat' dir='ltr'><strong>quod</strong></span> <span class='ocrx_word' id='word_1_233' title='bbox 1016 3125 1081 3185; x_wconf 89' lang='lat' dir='ltr'><strong>sine</strong></span> <span class='ocrx_word' id='word_1_234' title='bbox 1101 3123 1311 3184; x_wconf 85' lang='lat' dir='ltr'><strong>celebratione</strong></span> 
     </span>
     <span class='ocr_line' id='line_1_29' title="bbox 182 3221 1309 3304; baseline 0.002 -26"><span class='ocrx_word' id='word_1_235' title='bbox 182 3221 283 3280; x_wconf 83' lang='lat' dir='ltr'><strong>missae</strong></span> <span class='ocrx_word' id='word_1_236' title='bbox 303 3221 478 3280; x_wconf 87' lang='lat' dir='ltr'><strong>consecrari</strong></span> <span class='ocrx_word' id='word_1_237' title='bbox 498 3221 646 3282; x_wconf 89' lang='lat' dir='ltr'><strong>decenter</strong></span> <span class='ocrx_word' id='word_1_238' title='bbox 666 3223 791 3304; x_wconf 93' lang='lat' dir='ltr'><strong>nequit,</strong></span> <span class='ocrx_word' id='word_1_239' title='bbox 809 3229 915 3304; x_wconf 90' lang='lat' dir='ltr'><strong>posset</strong></span> <span class='ocrx_word' id='word_1_240' title='bbox 933 3243 968 3282; x_wconf 89' lang='lat' dir='ltr'><strong>ea</strong></span> <span class='ocrx_word' id='word_1_241' title='bbox 989 3221 1038 3281; x_wconf 90' lang='lat' dir='ltr'><strong>die</strong></span> <span class='ocrx_word' id='word_1_242' title='bbox 1059 3221 1106 3281; x_wconf 90' lang='lat' dir='ltr'><strong>bis</strong></span> <span class='ocrx_word' id='word_1_243' title='bbox 1126 3221 1309 3281; x_wconf 87' lang='lat' dir='ltr'><strong>sacrificium</strong></span> 
     </span>
     <span class='ocr_line' id='line_1_30' title="bbox 181 3317 1309 3399; baseline 0.001 -24"><span class='ocrx_word' id='word_1_244' title='bbox 181 3317 310 3390; x_wconf 88' lang='lat' dir='ltr'><strong>ollerre;</strong></span> <span class='ocrx_word' id='word_1_245' title='bbox 328 3323 358 3377; x_wconf 88' lang='lat' dir='ltr'><strong>et</strong></span> <span class='ocrx_word' id='word_1_246' title='bbox 374 3317 563 3378; x_wconf 87' lang='lat' dir='ltr'><strong>unanimiter</strong></span> <span class='ocrx_word' id='word_1_247' title='bbox 576 3319 779 3399; x_wconf 87' lang='lat' dir='ltr'><strong>respondent,</strong></span> <span class='ocrx_word' id='word_1_248' title='bbox 789 3318 826 3378; x_wconf 87' lang='lat' dir='ltr'><strong>id</strong></span> <span class='ocrx_word' id='word_1_249' title='bbox 844 3339 905 3379; x_wconf 90' lang='lat' dir='ltr'><strong>non</strong></span> <span class='ocrx_word' id='word_1_250' title='bbox 922 3318 1025 3392; x_wconf 89' lang='lat' dir='ltr'><strong>licere,</strong></span> <span class='ocrx_word' id='word_1_251' title='bbox 1040 3325 1071 3378; x_wconf 91' lang='lat' dir='ltr'><strong>et</strong></span> <span class='ocrx_word' id='word_1_252' title='bbox 1086 3319 1130 3379; x_wconf 89' lang='lat' dir='ltr'><strong>sic</strong></span> <span class='ocrx_word' id='word_1_253' title='bbox 1145 3339 1209 3378; x_wconf 90' lang='lat' dir='ltr'><strong>rem</strong></span> <span class='ocrx_word' id='word_1_254' title='bbox 1225 3337 1309 3377; x_wconf 90' lang='lat' dir='ltr'><strong>com-</strong></span> 
     </span>
     <span class='ocr_line' id='line_1_31' title="bbox 180 3413 1308 3494; baseline 0.001 -22"><span class='ocrx_word' id='word_1_255' title='bbox 180 3420 317 3494; x_wconf 91' lang='lat' dir='ltr'><strong>ponunt,</strong></span> <span class='ocrx_word' id='word_1_256' title='bbox 340 3413 424 3494; x_wconf 92' lang='lat' dir='ltr'><strong>quod</strong></span> <span class='ocrx_word' id='word_1_257' title='bbox 448 3435 511 3474; x_wconf 92' lang='lat' dir='ltr'><strong>uno</strong></span> <span class='ocrx_word' id='word_1_258' title='bbox 533 3435 615 3475; x_wconf 92' lang='lat' dir='ltr'><strong>anno</strong></span> <span class='ocrx_word' id='word_1_259' title='bbox 636 3415 667 3474; x_wconf 92' lang='lat' dir='ltr'><strong>in</strong></span> <span class='ocrx_word' id='word_1_260' title='bbox 691 3437 752 3476; x_wconf 91' lang='lat' dir='ltr'><strong>una</strong></span> <span class='ocrx_word' id='word_1_261' title='bbox 775 3415 904 3476; x_wconf 89' lang='lat' dir='ltr'><strong>ecclesia</strong></span> <span class='ocrx_word' id='word_1_262' title='bbox 926 3415 1062 3475; x_wconf 87' lang='lat' dir='ltr'><strong>celebret</strong></span> <span class='ocrx_word' id='word_1_263' title='bbox 1084 3415 1209 3475; x_wconf 91' lang='lat' dir='ltr'><strong>missam</strong></span> <span class='ocrx_word' id='word_1_264' title='bbox 1232 3413 1308 3474; x_wconf 84' lang='lat' dir='ltr'><strong>laria</strong></span> 
     </span>
     <span class='ocr_line' id='line_1_32' title="bbox 179 3509 1307 3591; baseline 0 -22"><span class='ocrx_word' id='word_1_265' title='bbox 179 3509 288 3591; x_wconf 87' lang='lat' dir='ltr'><strong>quinta</strong></span> <span class='ocrx_word' id='word_1_266' title='bbox 310 3509 342 3568; x_wconf 93' lang='lat' dir='ltr'><strong>in</strong></span> <span class='ocrx_word' id='word_1_267' title='bbox 365 3530 452 3571; x_wconf 85' lang='lat' dir='ltr'><strong>coena</strong></span> <span class='ocrx_word' id='word_1_268' title='bbox 477 3511 602 3571; x_wconf 89' lang='lat' dir='ltr'><strong>Domini</strong></span> <span class='ocrx_word' id='word_1_269' title='bbox 628 3521 659 3570; x_wconf 90' lang='lat' dir='ltr'><strong>et</strong></span> <span class='ocrx_word' id='word_1_270' title='bbox 685 3512 831 3571; x_wconf 89' lang='lat' dir='ltr'><strong>conficiat</strong></span> <span class='ocrx_word' id='word_1_271' title='bbox 852 3512 1001 3585; x_wconf 88' lang='lat' dir='ltr'><strong>chrisma,</strong></span> <span class='ocrx_word' id='word_1_272' title='bbox 1026 3511 1139 3571; x_wconf 91' lang='lat' dir='ltr'><strong>etalio</strong></span> <span class='ocrx_word' id='word_1_273' title='bbox 1166 3531 1249 3571; x_wconf 86' lang='lat' dir='ltr'><strong>anno</strong></span> <span class='ocrx_word' id='word_1_274' title='bbox 1275 3511 1307 3569; x_wconf 96' lang='lat' dir='ltr'><strong>id</strong></span> 
     </span>
     <span class='ocr_line' id='line_1_33' title="bbox 179 3605 1305 3687; baseline 0.001 -21"><span class='ocrx_word' id='word_1_275' title='bbox 179 3607 280 3687; x_wconf 90' lang='lat' dir='ltr'><strong>ipsum</strong></span> <span class='ocrx_word' id='word_1_276' title='bbox 297 3606 391 3666; x_wconf 91' lang='lat' dir='ltr'><strong>laciat</strong></span> <span class='ocrx_word' id='word_1_277' title='bbox 410 3607 442 3666; x_wconf 92' lang='lat' dir='ltr'><strong>in</strong></span> <span class='ocrx_word' id='word_1_278' title='bbox 461 3607 519 3668; x_wconf 88' lang='lat' dir='ltr'><strong>alia</strong></span> <span class='ocrx_word' id='word_1_279' title='bbox 538 3605 684 3680; x_wconf 88' lang='lat' dir='ltr'><strong>ecclesia,</strong></span> <span class='ocrx_word' id='word_1_280' title='bbox 701 3615 732 3667; x_wconf 92' lang='lat' dir='ltr'><strong>et</strong></span> <span class='ocrx_word' id='word_1_281' title='bbox 747 3607 786 3666; x_wconf 92' lang='lat' dir='ltr'><strong>ab</strong></span> <span class='ocrx_word' id='word_1_282' title='bbox 801 3627 863 3666; x_wconf 90' lang='lat' dir='ltr'><strong>una</strong></span> <span class='ocrx_word' id='word_1_283' title='bbox 878 3607 916 3666; x_wconf 91' lang='lat' dir='ltr'><strong>ad</strong></span> <span class='ocrx_word' id='word_1_284' title='bbox 932 3606 1023 3667; x_wconf 87' lang='lat' dir='ltr'><strong>aliam</strong></span> <span class='ocrx_word' id='word_1_285' title='bbox 1044 3605 1176 3667; x_wconf 91' lang='lat' dir='ltr'><strong>chrisma</strong></span> <span class='ocrx_word' id='word_1_286' title='bbox 1195 3627 1305 3667; x_wconf 83' lang='lat' dir='ltr'><strong>conse·</strong></span> 
     </span>
     <span class='ocr_line' id='line_1_34' title="bbox 177 3703 1304 3785; baseline 0.001 -23"><span class='ocrx_word' id='word_1_287' title='bbox 177 3711 314 3776; x_wconf 88' lang='lat' dir='ltr'><strong>eratum,</strong></span> <span class='ocrx_word' id='word_1_288' title='bbox 336 3703 382 3762; x_wconf 92' lang='lat' dir='ltr'><strong>uti</strong></span> <span class='ocrx_word' id='word_1_289' title='bbox 403 3703 498 3763; x_wconf 89' lang='lat' dir='ltr'><strong>moris</strong></span> <span class='ocrx_word' id='word_1_290' title='bbox 518 3713 580 3777; x_wconf 87' lang='lat' dir='ltr'><strong>est,</strong></span> <span class='ocrx_word' id='word_1_291' title='bbox 601 3704 803 3764; x_wconf 90' lang='lat' dir='ltr'><strong>transmittat.</strong></span> <span class='ocrx_word' id='word_1_292' title='bbox 826 3703 934 3785; x_wconf 86' lang='lat' dir='ltr'><strong>Reque</strong></span> <span class='ocrx_word' id='word_1_293' title='bbox 953 3703 997 3763; x_wconf 87' lang='lat' dir='ltr'><strong>sic</strong></span> <span class='ocrx_word' id='word_1_294' title='bbox 1016 3703 1205 3783; x_wconf 90' lang='lat' dir='ltr'><strong>composita,</strong></span> <span class='ocrx_word' id='word_1_295' title='bbox 1222 3723 1304 3763; x_wconf 86' lang='lat' dir='ltr'><strong>asse-</strong></span> 
     </span>
     <span class='ocr_line' id='line_1_35' title="bbox 178 3797 1304 3874; baseline 0.003 -17"><span class='ocrx_word' id='word_1_296' title='bbox 178 3807 266 3874; x_wconf 90' lang='lat' dir='ltr'><strong>runt,</strong></span> <span class='ocrx_word' id='word_1_297' title='bbox 283 3798 402 3859; x_wconf 85' lang='lat' dir='ltr'><strong>nullam</strong></span> <span class='ocrx_word' id='word_1_298' title='bbox 425 3819 461 3858; x_wconf 87' lang='lat' dir='ltr'><strong>cx</strong></span> <span class='ocrx_word' id='word_1_299' title='bbox 482 3800 546 3860; x_wconf 86' lang='lat' dir='ltr'><strong>suis</strong></span> <span class='ocrx_word' id='word_1_300' title='bbox 566 3800 704 3860; x_wconf 87' lang='lat' dir='ltr'><strong>ecclesiis</strong></span> <span class='ocrx_word' id='word_1_301' title='bbox 723 3797 889 3858; x_wconf 88' lang='lat' dir='ltr'><strong>chrismate</strong></span> <span class='ocrx_word' id='word_1_302' title='bbox 908 3799 1075 3859; x_wconf 89' lang='lat' dir='ltr'><strong>carituram</strong></span> <span class='ocrx_word' id='word_1_303' title='bbox 1095 3820 1178 3869; x_wconf 87' lang='lat' dir='ltr'><strong>csse,</strong></span> <span class='ocrx_word' id='word_1_304' title='bbox 1200 3797 1304 3860; x_wconf 92' lang='lat' dir='ltr'><strong>subdi.-</strong></span> 
     </span>
     <span class='ocr_line' id='line_1_36' title="bbox 178 3893 1304 3977; baseline -0.001 -22"><span class='ocrx_word' id='word_1_305' title='bbox 178 3903 288 3976; x_wconf 86' lang='lat' dir='ltr'><strong>tosque</strong></span> <span class='ocrx_word' id='word_1_306' title='bbox 304 3895 412 3972; x_wconf 84' lang='lat' dir='ltr'><strong>unius,</strong></span> <span class='ocrx_word' id='word_1_307' title='bbox 431 3893 479 3954; x_wconf 87' lang='lat' dir='ltr'><strong>vel</strong></span> <span class='ocrx_word' id='word_1_308' title='bbox 496 3896 624 3956; x_wconf 87' lang='lat' dir='ltr'><strong>alterius</strong></span> <span class='ocrx_word' id='word_1_309' title='bbox 638 3896 835 3977; x_wconf 89' lang='lat' dir='ltr'><strong>episcopatus</strong></span> <span class='ocrx_word' id='word_1_310' title='bbox 856 3895 1033 3955; x_wconf 86' lang='lat' dir='ltr'><strong>nullatenus</strong></span> <span class='ocrx_word' id='word_1_311' title='bbox 1049 3893 1172 3954; x_wconf 85' lang='lat' dir='ltr'><strong>excludi</strong></span> <span class='ocrx_word' id='word_1_312' title='bbox 1188 3917 1205 3955; x_wconf 89' lang='lat' dir='ltr'><strong>a</strong></span> <span class='ocrx_word' id='word_1_313' title='bbox 1220 3915 1304 3954; x_wconf 90' lang='lat' dir='ltr'><strong>com-</strong></span> 
     </span>
     <span class='ocr_line' id='line_1_37' title="bbox 178 3991 1302 4074; baseline 0.001 -23"><span class='ocrx_word' id='word_1_314' title='bbox 178 3991 327 4051; x_wconf 88' lang='lat' dir='ltr'><strong>moditate</strong></span> <span class='ocrx_word' id='word_1_315' title='bbox 347 3991 493 4051; x_wconf 90' lang='lat' dir='ltr'><strong>audiendi</strong></span> <span class='ocrx_word' id='word_1_316' title='bbox 514 3993 638 4052; x_wconf 89' lang='lat' dir='ltr'><strong>missam</strong></span> <span class='ocrx_word' id='word_1_317' title='bbox 659 3994 767 4074; x_wconf 91' lang='lat' dir='ltr'><strong>quinta</strong></span> <span class='ocrx_word' id='word_1_318' title='bbox 785 3993 859 4052; x_wconf 83' lang='lat' dir='ltr'><strong>teria</strong></span> <span class='ocrx_word' id='word_1_319' title='bbox 879 3991 910 4050; x_wconf 93' lang='lat' dir='ltr'><strong>in</strong></span> <span class='ocrx_word' id='word_1_320' title='bbox 931 4013 1018 4051; x_wconf 85' lang='lat' dir='ltr'><strong>coena</strong></span> <span class='ocrx_word' id='word_1_321' title='bbox 1034 3991 1176 4064; x_wconf 89' lang='lat' dir='ltr'><strong>Domini,</strong></span> <span class='ocrx_word' id='word_1_322' title='bbox 1194 3991 1225 4061; x_wconf 92' lang='lat' dir='ltr'><strong>in</strong></span> <span class='ocrx_word' id='word_1_323' title='bbox 1241 4012 1302 4072; x_wconf 90' lang='lat' dir='ltr'><strong>qua</strong></span> 
     </span>
     <span class='ocr_line' id='line_1_38' title="bbox 177 4086 1300 4170; baseline -0.002 -22"><span class='ocrx_word' id='word_1_324' title='bbox 177 4088 387 4169; x_wconf 86' lang='lat' dir='ltr'><strong>maximopere</strong></span> <span class='ocrx_word' id='word_1_325' title='bbox 415 4087 543 4170; x_wconf 87' lang='lat' dir='ltr'><strong>expedit</strong></span> <span class='ocrx_word' id='word_1_326' title='bbox 569 4097 603 4149; x_wconf 93' lang='lat' dir='ltr'><strong>ut</strong></span> <span class='ocrx_word' id='word_1_327' title='bbox 627 4089 754 4148; x_wconf 90' lang='lat' dir='ltr'><strong>audiant</strong></span> <span class='ocrx_word' id='word_1_328' title='bbox 779 4089 923 4164; x_wconf 83' lang='lat' dir='ltr'><strong>missam;</strong></span> <span class='ocrx_word' id='word_1_329' title='bbox 949 4109 984 4148; x_wconf 89' lang='lat' dir='ltr'><strong>ca</strong></span> <span class='ocrx_word' id='word_1_330' title='bbox 1011 4089 1126 4170; x_wconf 89' lang='lat' dir='ltr'><strong>quippe</strong></span> <span class='ocrx_word' id='word_1_331' title='bbox 1152 4086 1300 4148; x_wconf 87' lang='lat' dir='ltr'><strong>celebrari</strong></span> 
     </span>
     <span class='ocr_line' id='line_1_39' title="bbox 177 4183 1299 4267; baseline 0 -23"><span class='ocrx_word' id='word_1_332' title='bbox 177 4185 319 4265; x_wconf 88' lang='lat' dir='ltr'><strong>poterita</strong></span> <span class='ocrx_word' id='word_1_333' title='bbox 336 4184 497 4245; x_wconf 89' lang='lat' dir='ltr'><strong>sacerdote</strong></span> <span class='ocrx_word' id='word_1_334' title='bbox 513 4185 543 4244; x_wconf 92' lang='lat' dir='ltr'><strong>in</strong></span> <span class='ocrx_word' id='word_1_335' title='bbox 555 4185 697 4258; x_wconf 90' lang='lat' dir='ltr'><strong>ecclesia,</strong></span> <span class='ocrx_word' id='word_1_336' title='bbox 707 4186 737 4244; x_wconf 93' lang='lat' dir='ltr'><strong>in</strong></span> <span class='ocrx_word' id='word_1_337' title='bbox 754 4207 814 4267; x_wconf 88' lang='lat' dir='ltr'><strong>qua</strong></span> <span class='ocrx_word' id='word_1_338' title='bbox 830 4207 867 4246; x_wconf 93' lang='lat' dir='ltr'><strong>eo</strong></span> <span class='ocrx_word' id='word_1_339' title='bbox 883 4206 965 4246; x_wconf 90' lang='lat' dir='ltr'><strong>anno</strong></span> <span class='ocrx_word' id='word_1_340' title='bbox 979 4185 1152 4266; x_wconf 86' lang='lat' dir='ltr'><strong>Episcopus</strong></span> <span class='ocrx_word' id='word_1_341' title='bbox 1167 4183 1299 4244; x_wconf 90' lang='lat' dir='ltr'><strong>chrisma</strong></span> 
     </span>
     <span class='ocr_line' id='line_1_40' title="bbox 178 4279 1300 4363; baseline 0 -23"><span class='ocrx_word' id='word_1_342' title='bbox 178 4301 240 4340; x_wconf 94' lang='lat' dir='ltr'><strong>non</strong></span> <span class='ocrx_word' id='word_1_343' title='bbox 255 4281 397 4356; x_wconf 87' lang='lat' dir='ltr'><strong>conticit,</strong></span> <span class='ocrx_word' id='word_1_344' title='bbox 414 4303 485 4341; x_wconf 91' lang='lat' dir='ltr'><strong>curn</strong></span> <span class='ocrx_word' id='word_1_345' title='bbox 501 4281 668 4342; x_wconf 88' lang='lat' dir='ltr'><strong>verisimile</strong></span> <span class='ocrx_word' id='word_1_346' title='bbox 684 4303 745 4342; x_wconf 92' lang='lat' dir='ltr'><strong>non</strong></span> <span class='ocrx_word' id='word_1_347' title='bbox 762 4282 812 4355; x_wconf 91' lang='lat' dir='ltr'><strong>sit,</strong></span> <span class='ocrx_word' id='word_1_348' title='bbox 829 4282 923 4343; x_wconf 89' lang='lat' dir='ltr'><strong>alium</strong></span> <span class='ocrx_word' id='word_1_349' title='bbox 941 4303 1002 4342; x_wconf 92' lang='lat' dir='ltr'><strong>non</strong></span> <span class='ocrx_word' id='word_1_350' title='bbox 1016 4282 1143 4363; x_wconf 87' lang='lat' dir='ltr'><strong>ropcriri</strong></span> <span class='ocrx_word' id='word_1_351' title='bbox 1159 4279 1300 4341; x_wconf 89' lang='lat' dir='ltr'><strong>sacerdo-</strong></span> 
     </span>
    </p>
   </div>
   <div class='ocr_carea' id='block_1_3' title="bbox 0 0 1628 5026">
    <p class='ocr_par' dir='ltr' id='par_1_4' title="bbox 0 0 1628 5026">
     <span class='ocr_line' id='line_1_41' title="bbox 0 0 1628 5026; baseline 0 8"><span class='ocrx_word' id='word_1_352' title='bbox 0 0 1628 5026; x_wconf 95' lang='lat' dir='ltr'><strong> </strong></span> 
     </span>
    </p>
   </div>
  </div>
 </body>
</html>
