3224 5044
295 479 345 534 108
781 481 825 530 DE
845 479 944 531 MISSA

293 625 384 690 unde
403 623 560 690 sacerdos
579 629 715 689 tenetur
733 630 930 712 exspectare
950 623 1041 688 diem
1060 624 1094 689 in
1115 648 1182 712 quo
1201 625 1310 712 possit
1332 625 1424 689 cele-

295 738 391 802 brare
418 737 558 802 missam
581 738 741 821 votivam,
764 743 798 802 et
820 745 902 802 tunc
926 736 1096 803 celebrare
1120 744 1155 803 et
1177 738 1349 827 applicare
1379 738 1424 802 ad

295 858 444 916 mentem
464 851 648 918 ollcrentis.
667 890 710 899 —
730 851 812 932 Quae
832 851 945 916 omnia
963 859 1082 941 patent
1101 875 1144 916 cx
1163 853 1275 918 dictis.

338 967 375 1031 5⁰
397 965 434 1032 Si
453 965 598 1031 offerens
622 971 716 1054 petat
735 965 875 1031 missam
900 967 934 1030 in
956 967 1117 1032 honorem
1141 967 1289 1054 aiicujus
1314 969 1425 1032 sancti

295 1080 345 1144 vel
379 1081 549 1166 mysterii,
584 1079 805 1168 quaerendum
835 1089 903 1162 est,
934 1103 976 1146 ex
1009 1080 1177 1168 adjunctis
1207 1087 1422 1169 temporum,

294 1195 470 1281 regionum
498 1202 532 1259 et
563 1217 800 1282 personarum,
829 1194 912 1283 qnid
943 1195 1081 1283 praecise
1111 1195 1275 1276 voluerit,
1307 1201 1423 1260 utrum

295 1308 460 1374 celebrari
485 1310 621 1373 misaam
647 1310 792 1372 votivam
820 1308 922 1396 hujus
951 1309 1075 1391 sancti,
1109 1331 1152 1374 an
1182 1309 1425 1374 tantummodo

295 1423 408 1486 offerri
428 1423 581 1488 divinum
597 1423 814 1505 sacrificium,
832 1430 870 1488 ut
885 1429 1125 1512 promoveatur
1137 1423 1249 1489 cultus
1264 1429 1299 1489 et
1314 1423 1425 1487 honor

296 1535 397 1622 hujus
427 1536 552 1618 sancti,
576 1537 715 1625 Deoque
742 1537 860 1622 gratiae
886 1537 1070 1602 reddantur
1092 1560 1153 1626 pro
1172 1537 1348 1602 beneficiis
1372 1536 1424 1600 illi

295 1649 508 1730 concessis¹;
538 1651 698 1716 standum
725 1651 789 1716 erit
820 1651 894 1739 ejus
924 1652 1109 1733 voluntati3
1141 1651 1232 1739 quod
1265 1651 1294 1715 si
1318 1651 1423 1716 relin-

295 1771 419 1853 quatur
444 1763 562 1846 dubia‚
596 1771 727 1854 partem
753 1789 828 1853 quae
862 1764 928 1830 sibi
957 1766 1066 1853 magis
1095 1765 1277 1854 placuerit,
1316 1765 1424 1850 eligat

297 1879 465 1946 sacerdos.
494 1920 538 1927 —
563 1878 646 1958 Quae
670 1885 788 1968 patent
812 1903 854 1945 ex
877 1881 1009 1960 dictis¹,
1032 1887 1066 1944 et
1090 1881 1136 1944 ita
1160 1879 1419 1945 communiter³.

341 1994 374 2058 6ο
393 1994 429 2060 Si
449 1995 594 2059 offerens
613 2002 709 2083 petat
732 1995 872 2060 missam
895 2003 1082 2079 cantatam,
1101 1994 1157 2059 vel
1175 1994 1316 2058 missam
1336 1994 1423 2058 solc-

296 2130 407 2171 mnem
424 2109 562 2194 (nempe
578 2132 655 2172 cum
670 2109 812 2174 diacono
828 2117 861 2174 et
877 2109 1110 2198 subdiacono),
1127 2115 1221 2196 patet
1236 2131 1304 2172 non
1319 2131 1421 2195 posse

295 2219 451 2284 satisfieri
470 2220 686 2307 obligationi,
704 2223 739 2287 in
758 2231 901 2312 utroque
922 2245 1018 2304 casu,
1035 2223 1102 2288 nisi
1114 2245 1174 2312 per
1188 2221 1327 2286 missam
1343 2244 1422 2286 ean-

296 2337 403 2397 tatam
432 2341 490 2398 aut
520 2335 660 2400 missam
689 2337 882 2402 solemnem.
913 2337 1019 2403 Missa
1050 2344 1164 2402 autem
1190 2344 1323 2400 cantata
1351 2357 1420 2398 non

296 2447 457 2534 importat
480 2448 620 2513 missam
641 2449 840 2516 solemnem.
863 2451 1005 2516 Missam
1026 2451 1144 2515 lectam
1168 2473 1236 2514 non
1265 2449 1421 2514 sufficere

295 2581 355 2647 pro
384 2561 601 2650 adimplendo
628 2587 729 2629 onere
761 2565 873 2628 misam
903 2573 1059 2647 cantata,
1091 2571 1205 2652 aperte
1232 2563 1422 2628 declaravit

295 2673 328 2740 S.
357 2673 483 2763 Congr.
506 2677 547 2742 de
567 2677 668 2766 Prop.
692 2677 785 2760 Fide,
809 2679 916 2766 Epist.
940 2677 1063 2766 8junii
1086 2677 1202 2744 18114.

436 2994 454 3067 §
473 2996 507 3052 5.
529 2996 581 3052 De
602 2993 789 3066 stipendio
808 2993 935 3051 missae
954 2993 1108 3050 aliunde
1127 2991 1270 3050 debltae.

342 3215 410 3283 53.
424 3255 467 3262 —
482 3215 607 3282 Missa
621 3215 756 3284 debita
765 3216 918 3283 ratione
930 3214 1128 3300 beneficii,
1140 3222 1204 3278 etc.
1219 3253 1262 3261 -
1273 3211 1419 3291 Quando

295 3327 451 3390 sacerdos
470 3334 604 3392 tenetur
624 3327 666 3393 ad
685 3328 921 3417 applicandam
941 3329 1079 3392 missam
1099 3327 1229 3393 ratione
1248 3328 1417 3412 beneficii,

327 3547 333 3579 ¹
351 3545 395 3596 Sic
407 3548 478 3596 enim
495 3548 625 3611 quaelibet
644 3549 725 3597 missa
745 3549 858 3597 ollertur
874 3569 884 3594 ιι
903 3549 930 3596 in
950 3549 1081 3597 honorem
1096 3548 1183 3596 beatae
1201 3547 1295 3596 Mariae
1312 3562 1421 3610 semper

294 3628 417 3691 virginis,
434 3633 461 3678 et
475 3630 548 3679 beati
563 3629 675 3678 loannis
691 3629 834 3692 Baptistae,
848 3631 900 3678 etc.
917 3647 942 3688 v,
961 3633 992 3677 nt
1004 3629 1071 3677 dicit
1084 3628 1209 3676 sacerdos
1220 3628 1291 3676 intra
1308 3629 1418 3676 missam

294 3709 321 3755 in
339 3711 460 3758 oratione
474 3709 592 3774 suscipe.

324 3787 388 3836 ²Ct.
409 3789 580 3854 Responsum
598 3790 624 3838 S.
644 3789 698 3838 nn.
719 3788 849 3852 Congrcg.
870 3790 897 3836 in
916 3803 969 3837 una
991 3787 1118 3838 Plurium
1135 3787 1305 3846 dioecesium,
1326 3793 1356 3836 13
1376 3788 1420 3850 ju-

295 3867 331 3916 nii
347 3873 420 3929 1899,
435 3872 467 3919 ad
483 3874 510 3930 4;
527 3871 640 3919 Decreta
654 3868 739 3927 auth„
756 3884 782 3916 n.
800 3872 873 3927 1031,
888 3871 907 3917 t.
919 3885 960 3926 ιιι,
978 3885 1005 3932 p.
1019 3873 1074 3916 365.

324 3949 393 3998 aCl.
410 3950 551 4014 Gasparri,
571 3950 608 3999 De
623 3948 809 4007 Eucharistia,
828 3964 854 3997 n.
873 3954 931 4010 598;
946 3977 975 3986 -
996 3948 1159 4006 Lehmkuhl‚
1180 3951 1200 3997 1.
1221 3963 1252 4006 ιι,
1271 3963 1297 3995 ιι.
1314 3953 1367 3996 201.
1388 3975 1418 3983 -

297 4028 365 4077 Vidc
387 4031 468 4079 etiam
487 4032 558 4094 apud
579 4031 708 4079 rl'onnette
730 4030 817 4079 Herae
838 4029 1025 4094 thioioyiqne,
1047 4044 1089 4077 en.
1110 4033 1182 4087 1893,
1201 4031 1220 4078 t.
1242 4043 1303 4087 xxv,
1323 4044 1350 4090 p.
1373 4033 1413 4076 391

294 4123 345 4170 sq„
368 4125 526 4172 responsum
547 4111 574 4159 S.
592 4111 842 4168 Poenitentiariae‚7
861 4110 918 4158 dec.
938 4115 1011 4168 1899,
1027 4125 1088 4173 qum
1105 4109 1194 4156 omnia
1211 4108 1341 4170 praedicta
1354 4123 1416 4157 con-

293 4187 441 4237 firmantur.

324 4269 334 4302 ⁴
349 4267 518 4319 Collectanea
537 4271 563 4320 S.
581 4271 677 4334 Congr.
693 4271 726 4318 de
742 4269 821 4333 Prop.
839 4269 916 4328 nne,
934 4285 959 4318 n.
973 4273 1033 4329 883,
1047 4269 1153 4349 Romae,
1170 4273 1244 4326 1893,
1258 4281 1284 4332 p.
1299 4273 1354 4316 319.
