3246 5026
621 1191 836 1274 CAPUT
874 1193 948 1273 111

265 1544 313 1597 DE
341 1543 517 1598 TEMPORE
547 1545 812 1600 DISTRIBUENDI
843 1546 991 1600 SACRAM
1021 1546 1305 1601 COMMUNIONEM

384 2005 403 2078 ἓ
423 2005 457 2062 1.
477 2007 530 2063 De
548 2005 683 2063 diebus
702 2004 840 2077 quibus
859 2005 1037 2064 distribui
1058 2007 1176 2078 possm

604 2123 713 2168 sacra
732 2109 962 2168 communio.
987 2195 988 2198 Ἴ

264 2344 358 2414 165.
383 2384 428 2394 -
452 2344 604 2432 Regula
627 2345 839 2433 generalis.
859 2382 903 2394 -
928 2347 1093 2411 Omnibus
1116 2348 1250 2432 diebus,
1280 2371 1350 2413 ano

219 2460 364 2524 alterove
377 2467 512 2544 excepto
523 2459 576 2549 (de
589 2459 715 2545 quinas
731 2459 837 2547 infra)
840 2510 852 2544 ,
860 2461 1024 2526 distribui
1033 2469 1145 2546 potest
1154 2485 1249 2526 sacra
1262 2485 1350 2527 eom·

219 2575 346 2640 munio.
365 2573 524 2638 -Patet
543 2574 710 2638 constanti
725 2581 756 2637 ei
774 2573 955 2638 universali
967 2575 1230 2658 consuetudine,
1246 2576 1348 2662 cujus

216 2688 301 2754 ratio
326 2693 378 2753 est
397 2688 493 2775 quia,
522 2687 623 2774 juxta
644 2687 748 2752 ritum
782 2685 941 2752 Ecclesia»
970 2687 1207 2768 occidentaliS,
1239 2689 1344 2754 missa

215 2802 366 2890 quotidie
402 2800 564 2866 celebrari
595 2807 724 2888 potest;
756 2825 856 2889 porro
880 2800 1072 2886 communio
1102 2809 1256 2888 estpars
1282 2809 1342 2868 aui

216 2917 313 3004 quasi
332 2915 609 3004 supplementum
629 2915 752 2980 missa.

262 3128 356 3198 166.
377 3167 420 3177 -
443 3128 501 3196 De
526 3127 624 3195 feria
647 3127 704 3195 VI
727 3127 771 3194 in
790 3125 1023 3194 Parasoeve.
1044 3165 1087 3176 -
1110 3127 1211 3192 Faria
1237 3127 1284 3192 VI
1307 3130 1342 3194 in

215 3245 412 3325 Pammene,
435 3264 501 3307 non
523 3241 597 3306 iicet
616 3242 698 3305 dare
716 3263 848 3305 sacram
867 3241 1137 3306 communionem
1158 3243 1222 3308 nini
1247 3243 1346 3328 infir-

216 3359 290 3424 mia.
312 3395 356 3406 -
374 3356 462 3421 Nam
485 3373 493 3420 :

261 3473 295 3536 10
313 3471 367 3535 In
380 3470 500 3556 jahel,
523 3491 611 3534 nunc
636 3469 774 3552 saitem,
804 3469 957 3534 Eccleaiae
977 3471 1191 3534 consuetodo.
1214 3471 1348 3535 -Per

214 3585 310 3674 plura
329 3583 467 3672 quidem
488 3583 628 3664 saecula,
650 3605 772 3668 nempe
793 3581 927 3647 sarculis
947 3603 996 3664 vr,
1019 3589 1118 3648 ruet
1138 3580 1251 3647 forsan
1271 3605 1344 3664 vrrr,

213 3699 332 3764 fideles
358 3696 440 3763 feria
466 3696 512 3760 Vl
546 3697 582 3761 in
610 3696 807 3780 Paroream,
837 3695 925 3760 sicui
950 3695 1027 3760 aliis
1054 3695 1189 3777 diebus,
1211 3719 1344 3761 sacram

214 3811 486 3878 communionem
506 3809 713 3898 recipiebant
727 3809 786 3897 (de
803 3809 922 3876 hostiis
937 3808 978 3874 ab
998 3809 1156 3875 hesterna
1171 3809 1224 3876 die
1237 3833 1344 3876 reser-

213 3925 341 4014 vatis),
358 3924 460 3991 etiam
481 3925 614 4006 Romae,
634 3931 672 3990 ui
691 3931 851 3990 constat:
879 3926 909 3987 1.
941 3923 992 3988 Ex
1019 3921 1144 3988 Ordine
1167 3925 1346 3988 romanol

215 4039 324 4128 (edito
348 4063 366 4104 a
391 4037 607 4126 Mabillon¹)‚
630 4037 688 4126 qui
712 4037 814 4103 refert
828 4037 1042 4125 disciplinam
1062 4059 1236 4102 romanam
1256 4044 1342 4102 tem-

212 4175 294 4241 pore
313 4151 447 4218 circiter
466 4151 499 4216 S.
523 4151 678 4239 Gregorii
697 4149 831 4238 Magni,
854 4158 887 4216 et
905 4149 975 4232 ubi,
997 4150 1086 4216 inter
1104 4149 1189 4215 ritus
1204 4149 1266 4216 hac
1286 4149 1344 4216 die

245 4329 253 4362 ¹
273 4329 403 4379 Musaeum
419 4327 554 4386 italicum,
572 4333 591 4378 t.
609 4344 624 4376 n
641 4329 720 4390 (item
735 4328 807 4390 apud
822 4326 921 4391 Migno,
939 4328 967 4376 P.
982 4328 1019 4385 6.,
1037 4330 1056 4377 i.
1073 4327 1193 4390 nxxvnr).
