3246 5026
410 427 455 478 ns
475 428 590 478 nnius
610 427 795 480 nunnonun
814 426 857 478 nn
877 427 1124 479 conuunionsn
1274 428 1325 482 sos
1366 406 1369 412 ’

199 577 238 636 ut
270 549 317 636 nit
343 571 499 638 Suarez¹.
528 571 636 636 Nemo
668 593 818 660 unquam
849 571 934 637 dixit
960 595 1083 659 pueros
1105 575 1190 659 jure
1213 575 1326 640 divino

199 686 307 750 teneri
322 685 366 750 nd
384 707 515 750 sacram
525 686 814 767 communionem,
831 687 947 751 stetini
966 709 1004 750 sc
1023 689 1067 752 sd
1086 709 1191 752 nnnos
1205 689 1326 753 discre-

199 801 300 864 tionis
318 799 549 887 pervenerint;
571 799 661 864 unde
677 799 747 864 haec
767 799 928 886 obligatio
948 823 1017 864 non
1036 807 1088 865 est
1107 801 1173 866 nisi
1191 801 1226 866 vi
1241 803 1326 889 legis

199 913 375 994 Ecclesiae,
398 936 473 1001 queo
492 913 587 978 illam
606 920 644 979 ut
663 935 763 1000 supra
784 913 903 979 statuit
922 919 956 980 et
976 915 1189 1002 temperavit.

244 1176 339 1246 162.
355 1215 399 1225 -
414 1177 614 1254 Quaeritur
631 1177 670 1244 10
687 1176 847 1252 Qnaennm
866 1179 909 1242 sit
930 1177 989 1242 itin
1004 1185 1083 1242 setes
1102 1179 1322 1264 discretionis,

198 1314 267 1378 que
286 1292 407 1377 adepto
421 1313 512 1377 puer
531 1292 949 1356 teneturcommnniccre?

244 1393 278 1468 ib
304 1405 388 1470 Duae
414 1411 495 1470 sunt
526 1405 588 1470 hac
620 1405 661 1470 de
690 1427 725 1469 re
752 1405 940 1492 opiniones.
968 1405 1038 1470 Alii
1062 1429 1183 1494 nempe
1208 1407 1324 1474 dicunt

196 1527 328 1584 aetetem
351 1521 561 1584 discretionis
584 1518 668 1583 nihil
692 1517 877 1584 aliudesse
900 1542 938 1584 nc
957 1529 1088 1584 aetntem
1113 1523 1269 1606 rationis,
1291 1530 1324 1587 et

196 1633 337 1722 proinde
356 1657 495 1722 pueros,
514 1634 615 1700 simul
631 1655 670 1698 sc
690 1634 922 1721 adipiscuntur
941 1657 1039 1699 usum
1055 1635 1212 1718 rationis,
1230 1644 1324 1702 sunt·

196 1771 263 1836 que
288 1747 418 1835 peccati
444 1747 597 1812 mortalis
624 1771 779 1835 capaceS‚
808 1749 916 1812 teneri
942 1748 985 1812 ad
1007 1756 1188 1837 utrumque
1214 1773 1324 1816 sacre-

196 1869 350 1926 mentum
364 1861 607 1950 recipiendum,
621 1884 742 1948 nempe
752 1862 956 1947 poenitentiee
970 1861 1104 1950 (dequo
1118 1864 1323 1928 conveniunt

195 1975 339 2064 omnes),
358 1983 391 2042 et
410 1976 639 2058 eucharistiae,·
658 1975 838 2040 concilium
855 1975 945 2040 enim
960 1998 1028 2040 non
1044 1977 1222 2064 distinguit
1237 1978 1324 2044 inter

195 2112 301 2154 unum
334 2097 367 2154 et
400 2087 561 2170 alterum,
597 2095 631 2154 et
659 2087 759 2178 jubet
791 2089 908 2154 fideles
940 2096 1123 2177 utrumque
1157 2091 1320 2179 recipere,

190 2212 376 2290 postquem
395 2204 439 2268 sd
458 2224 564 2267 annos
583 2203 792 2268 discretionis
805 2205 1022 2288 pervenerint
1043 2203 1151 2294 (salvo
1171 2206 1322 2271 modern-

194 2317 285 2383 mine
305 2317 348 2383 ad
367 2323 518 2404 tempus,
537 2317 577 2382 de
598 2339 664 2405 quo
684 2340 786 2404 supra
806 2317 1028 2405 dictumest).
1047 2317 1098 2384 Ita
1118 2319 1218 2384 multi
1237 2342 1322 2409 quos

194 2431 319 2518 allegat
339 2431 544 2496 Benedictus
564 2430 642 2494 XIV
657 2435 678 2495 ².
701 2471 745 2480 —
763 2431 850 2512 Alii,
872 2455 933 2519 pro
953 2432 1210 2497 determinanda
1228 2442 1322 2499 aetete

194 2546 418 2629 discretionis,
441 2545 656 2632 distinguunt
679 2545 767 2609 inter
786 2551 1036 2610 sacramentum
1051 2548 1266 2632 poenitentiis,
1288 2556 1322 2614 et

195 2665 445 2726 sacramentum
460 2659 691 2741 eucharistiae,·
709 2682 769 2746 pro
790 2665 1001 2722 sacramento
1016 2660 1236 2746 poenitentioe,
1254 2661 1321 2726 suf-

193 2775 264 2840 ficit
278 2781 360 2839 ectus
377 2774 537 2855 rstionis,·
555 2781 637 2838 tunc
653 2772 744 2836 enim
757 2771 988 2860 unusquisque
1004 2771 1193 2838 discernere
1208 2781 1321 2862 potest

193 2889 282 2954 inter
310 2885 438 2952 bonum
467 2893 501 2952 et
526 2886 671 2966 malum,
700 2891 752 2950 est
778 2886 847 2950 doli
873 2909 994 2973 capax,
1026 2893 1060 2952 et
1085 2894 1215 2974 potest,
1244 2911 1321 2953 cuni

193 3001 301 3090 gratia
322 3001 401 3083 Dei,
418 3001 595 3088 concipere
614 3023 734 3065 verum
753 3006 866 3064 sctum
886 3000 1109 3088 poenitentiae3
1131 3024 1193 3089 pro
1212 3025 1320 3068 sacra-

194 3123 310 3182 mento
334 3123 449 3182 autem
476 3114 702 3197 eucharistico,
729 3136 798 3178 uon
822 3114 946 3179 sufficit
971 3121 1053 3180 cotes
1078 3117 1234 3200 rationis,
1261 3119 1321 3183 sed

194 3230 375 3320 requiritur
399 3229 508 3317 major
526 3228 652 3294 mentis
676 3227 840 3312 evolutio,
867 3229 1034 3317 praecipue
1064 3237 1202 3321 propter
1229 3231 1318 3300 tris:

196 3347 227 3410 t.
252 3342 339 3423 Quia
357 3342 461 3409 verba
484 3343 571 3430 legis
596 3349 677 3407 sunt
701 3343 954 3408 accommodate
978 3344 1198 3432 intelligenda
1223 3347 1321 3435 juxta

194 3481 302 3546 genus
330 3457 495 3538 materiae3
518 3479 618 3544 porro
642 3480 803 3544 magnum
829 3457 1010 3524 discrimen
1034 3465 1086 3523 est
1109 3460 1197 3525 inter
1215 3484 1320 3525 unum

195 3579 444 3638 sacramentum
463 3578 498 3636 ct
517 3569 678 3648 alterum3
701 3571 904 3636 eucharistia
924 3571 1015 3636 enim
1035 3579 1087 3636 est
1105 3573 1214 3638 multo
1235 3573 1320 3638 diffi-

194 3685 291 3752 cilior
309 3685 501 3768 intellectu,
524 3691 558 3750 et
576 3685 652 3750 ideo
672 3686 781 3774 major
799 3686 1028 3772 exspectanda
1047 3693 1099 3752 est
1122 3687 1317 3772 maturitas,

193 3807 234 3866 ut
258 3801 366 3890 possit
391 3823 475 3888 puer
502 3799 691 3866 discernere
717 3801 805 3866 inter
835 3799 948 3864 cibum
972 3799 1069 3864 illum
1094 3801 1262 3868 coelestem
1287 3810 1320 3868 et

193 3937 408 3980 communem
428 3912 558 3994 cibum3
574 3953 619 3963 --
633 3915 665 3980 2.
689 3913 775 3992 Quis
794 3913 994 4001 poenitentia
1009 3915 1117 4002 magis
1131 3917 1320 3982 necessaris

226 4151 235 4186 ¹
253 4152 313 4201 Loc.
329 4151 385 4210 cit„
400 4167 426 4200 n.
442 4157 469 4210 ⁶3
483 4151 518 4199 ct.
534 4151 567 4198 dc
582 4150 668 4213 Lago,
685 4150 735 4199 too.
751 4149 806 4208 cn,
822 4151 892 4213 disp.
909 4149 1028 4208 xi'1‚n.
1044 4154 1081 4198 28.

224 4230 291 4280 ¹De
303 4229 422 4295 synodo,
438 4229 485 4278 lib.
502 4229 566 4290 vll,
583 4243 606 4279 c.
621 4245 670 4287 xn,
685 4243 712 4278 n.
728 4235 751 4277 2.
