3224 5044
304 448 355 502 llll
792 450 836 499 DE
856 450 955 500 MISSA

302 595 443 660 nariam.
467 632 508 641 —
528 592 583 658 Sic
602 614 644 658 ex
663 592 880 658 concessione
904 592 1050 681 benigna
1071 595 1105 660 S.
1128 595 1253 682 Congr.
1274 593 1429 682 Indulg.,

303 709 338 772 in
348 706 569 791 Briocen.,22
584 705 668 773 lebr.
683 705 781 788 1847,
799 706 841 771 ad
854 707 873 773 3
888 712 907 772 ¹.
927 708 999 773 Nec
1018 709 1104 774 hanc
1119 709 1375 797 responsionem
1395 708 1431 772 in

304 821 457 886 Briocen.
473 820 612 885 sustulit
626 821 801 909 responsio
812 822 989 910 posterior,
1003 845 1104 912 supra
1120 824 1237 904 relata,
1250 846 1305 888 an.
1323 822 1428 902 18523

305 935 375 1000 haec
395 935 485 1000 enirn
506 934 625 1000 statuit
644 936 724 1020 jus,
746 935 838 1022 prior
857 937 1008 1002 continet
1032 935 1214 1024 benignam
1238 936 1430 1003 eoncessio—

304 1071 382 1113 nem
402 1049 437 1114 S.
456 1049 597 1136 Congu,
619 1049 654 1112 in
675 1047 825 1112 favorem
843 1048 940 1114 bonae
963 1051 1059 1132 fidei;
1080 1051 1127 1117 ita
1153 1050 1270 1116 ambas
1288 1073 1430 1138 respon-

305 1164 417 1229 siones
437 1163 595 1228 conciliat
614 1164 687 1251 ipsa
707 1163 742 1228 S.
766 1162 906 1250 Congu,
933 1165 967 1228 in
984 1188 1072 1253 resp.
1090 1166 1132 1230 24
1149 1165 1227 1252 julii
1249 1165 1367 1231 18852.

348 1259 382 1343 2⁰
410 1279 461 1360 Si,
497 1283 593 1342 extra
618 1300 733 1342 casum
767 1277 884 1341 altaris
912 1278 1134 1366 privilegiati,
1161 1279 1305 1344 offerens
1336 1285 1430 1367 petat

263 1471 266 1478 ⁴
304 1391 465 1458 celebrari
490 1391 613 1456 missas
638 1393 671 1454 in
697 1390 767 1456 loco
791 1391 1031 1475 determinate,
1052 1415 1085 1457 v.
1108 1416 1157 1479 g.,
1183 1393 1218 1456 in
1242 1393 1302 1458 tali
1321 1393 1430 1457 eccle-

304 1505 369 1588 sia,
388 1505 423 1568 in
437 1505 499 1569 tali
518 1504 628 1586 altari,
644 1511 725 1570 tune
746 1504 835 1569 idem
855 1504 923 1568 fere
944 1505 1125 1570 dicendum
1144 1512 1196 1570 est
1215 1529 1253 1571 ae
1273 1529 1375 1594 supra
1387 1505 1430 1570 de

303 1619 357 1685 die
382 1619 622 1700 determinata,
654 1641 776 1706 nempe
807 1619 1085 1706 distinguendum
1110 1627 1184 1686 est:
1215 1621 1270 1685 vel
1301 1627 1430 1686 constat

303 1732 502 1798 offerentem
534 1755 603 1798 non
635 1732 795 1797 habuisse
819 1733 985 1798 rationem
1015 1733 1196 1822 specialem
1220 1735 1268 1799 sic
1287 1735 1428 1820 agendi;

303 1853 337 1912 et
367 1853 449 1912 tunc
481 1847 733 1912 circumstantia
764 1847 830 1911 loci
862 1870 931 1912 non
963 1846 1093 1934 obligat
1121 1847 1332 1912 sacerdotem
1364 1847 1431 1912 nisi

302 1961 492 2043 levissime;
520 1961 592 2043 vel,
621 1961 715 2048 quod
739 1984 871 2047 semper
891 1961 1186 2047 praesumendum,
1214 1960 1332 2026 habuit
1356 1985 1432 2050 spe-

303 2076 425 2141 cialem
451 2076 615 2140 rationem
642 2075 843 2162 designandi
871 2075 976 2140 talem
1003 2074 1131 2156 locum,
1154 2099 1186 2140 v.
1216 2099 1265 2162 g.,
1293 2083 1433 2164 propter

304 2189 485 2278 specialem
506 2189 636 2253 cultum
656 2188 787 2270 Sancti,
816 2189 993 2277 lmaginis,
1017 2189 1282 2277 Reliquiarunr,
1294 2197 1435 2279 propter

303 2302 468 2368 beneficia
487 2301 534 2366 ibi
554 2310 708 2390 accepta,
731 2310 811 2385 etc,
833 2310 867 2368 et
887 2311 968 2368 tunc
984 2303 1235 2369 circumstantia
1259 2303 1325 2368 loci
1345 2302 1434 2368 obli-

303 2423 378 2504 gat;
401 2439 536 2500 verum,
555 2417 601 2482 ait
620 2419 662 2484 de
682 2417 794 2506 Lugo,
818 2445 833 2478 ι(
857 2440 925 2482 non
946 2416 1043 2482 facile
1064 2417 1237 2504 continget
1256 2425 1434 2506 peccatum

305 2532 465 2613 mortale,
502 2540 640 2621 propter
677 2533 879 2620 parvitat-em
914 2531 1085 2611 materioe3
1123 2531 1207 2610 imo,
1248 2533 1276 2596 si
1314 2530 1435 2596 luisset

307 2645 478 2734 (mutatus
497 2647 611 2737 locus)
632 2669 708 2710 cum
733 2669 835 2710 causa
854 2645 1061 2726 rationabili,
1084 2667 1151 2708 non
1171 2645 1235 2709 erit
1257 2651 1435 2733 peccatum

306 2761 440 2826 veniale
453 2762 475 2827 ³.
497 2787 512 2822 n
535 2761 578 2826 Et
597 2761 644 2826 ita
663 2759 919 2825 communirent

353 2875 387 2941 3ο
417 2875 453 2940 Si
483 2882 604 2963 agatur
632 2875 674 2940 de
701 2872 941 2940 celebrioribus
964 2873 1118 2960 templis,
1146 2872 1181 2936 in
1200 2873 1324 2961 quibus
1352 2897 1437 2961 quo-

308 2989 390 3054 tidie
415 3013 433 3054 a
458 2989 615 3054 fidelibus
635 2989 821 3054 offeruntur
844 2987 960 3051 multae
985 2987 1166 3050 missarum
1190 2987 1434 3074 eleemosynae,

310 3127 385 3191 quae
411 3104 564 3190 prolecto
591 3105 626 3167 in
656 3103 708 3167 his
740 3101 877 3190 templis
903 3123 1022 3165 omnes
1053 3099 1214 3165 celebrari
1242 3109 1434 3188 nequeunt,

233 3215 234 3218 ’
311 3216 411 3280 valde
445 3223 673 3303 opportunum
702 3223 754 3281 est
786 3221 824 3280 ut
857 3213 983 3280 tabella
1014 3213 1114 3278 obvia
1143 3221 1343 3302 apponatur,
1370 3239 1438 3304 qua

312 3335 514 3393 moneantur
533 3329 650 3395 fideles
677 3331 798 3395 missas
822 3329 868 3393 ibi
901 3351 966 3401 non
995 3351 1094 3414 posse
1119 3351 1233 3394 omnes
1255 3330 1436 3408 celebrari,

313 3465 429 3507 verum
454 3444 667 3530 dilipentiam
691 3466 824 3508 omnem
848 3443 1005 3507 adhiberi
1030 3451 1196 3528 utquam
1223 3443 1380 3508 citissime
1403 3445 1439 3508 in

238 3609 242 3618 .
313 3558 389 3623 aliis
408 3559 551 3624 ecclesiis
570 3559 807 3641 celebrentur,·
826 3557 910 3637 imo,
929 3563 1015 3621 teste
1034 3555 1217 3621 Benedicto
1237 3557 1315 3620 XIV
1327 3563 1349 3638 ⁵,
1369 3557 1440 3622 haec

314 3673 445 3739 cautela
464 3673 601 3762 praecipi
621 3673 708 3738 solet
727 3695 745 3736 a
765 3671 800 3736 S.
824 3671 949 3758 Congr.
969 3669 1112 3736 Concilii
1133 3668 1267 3758 (utique
1292 3671 1326 3735 in
1353 3671 1440 3736 casi-

347 3867 354 3899 ¹
371 3867 483 3917 Decreta
498 3867 668 3926 autlrentica,
687 3883 712 3916 n.
729 3873 787 3926 ³39,
804 3883 829 3928 p.
847 3871 901 3914 289.

347 3949 438 3997 Ἀσία
452 3949 477 3998 8.
493 3949 582 4007 Sedis,
600 3951 619 3996 t.
636 3963 713 4006 xvnr,
730 3963 756 4010 p.
771 3952 808 3994 94.
825 3975 852 3982 -
866 3947 905 3994 Cf.
922 3945 1058 4009 Beringer,
1076 3944 1125 3992 loc.
1141 3943 1197 4002 cil,
1214 3961 1240 4007 p.
1256 3949 1377 3994 loo-lto.

347 4029 357 4063 ³
372 4029 413 4078 De
429 4031 515 4094 Lugo,
533 4030 583 4079 loc.
599 4027 654 4086 cit,
672 4043 697 4076 n.
716 4033 754 4076 36.

345 4109 355 4142 ⁴
372 4109 474 4159 Praetcr
491 4111 524 4158 de
540 4109 627 4172 Lugo,
644 4108 678 4157 el.
691 4108 824 4166 Barbosa,
836 4105 874 4154 De
888 4105 982 4168 officio
997 4104 1135 4169 Episcopi,
1150 4105 1227 4167 alleg.
1246 4107 1288 4164 al,
1305 4120 1330 4152 n.
1354 4110 1383 4154 ³³
1399 4121 1440 4168 sq.

346 4187 448 4247 Most,
467 4189 539 4248 LVI,
557 4205 583 4238 n.
601 4192 638 4236 ll.
656 4216 686 4224 -
702 4187 740 4236 Cl'.
758 4187 839 4236 otium
855 4184 995 4247 Gasparri‚
1012 4182 1250 4243 connaturalia,
1267 4199 1293 4232 n.
1310 4189 1439 4243 577-58ος

314 4285 341 4318 n.
360 4273 413 4316 621.
