3246 5026
264 499 316 552 ³16
566 501 610 550 DE
630 499 846 552 snucrlssluo
867 499 1087 552 SACRAMENTO

265 645 388 724 sicnsi;
410 683 453 692 —-
473 644 504 708 2.
528 643 670 722 Quando
695 645 806 732 agitur
825 644 867 709 de
892 644 1024 710 actibus
1047 668 1138 710 mere
1162 646 1390 731 facultativis,

265 758 298 822 id
318 763 370 824 est
389 757 448 844 qui
467 757 509 822 ad
528 757 662 822 libitum
682 759 763 846 poni
782 758 837 823 vel
856 758 966 822 omitti
986 765 1130 846 possunt
1151 759 1208 848 (ut
1227 767 1279 825 est
1297 782 1393 825 com-

266 871 380 935 munio
400 872 433 934 in
454 869 594 936 sabbato
615 873 767 960 sancto),
790 872 929 937 omissio
949 881 1097 955 actuum,
1120 873 1222 938 etiam
1241 897 1301 962 per
1319 874 1393 937 lon-

265 1008 345 1071 gum
372 991 508 1072 tempus
534 993 720 1072 protracta,
748 1009 816 1051 non
843 987 973 1052 inducit
998 987 1297 1068 consuetudinem,
1327 988 1394 1052 nisi

264 1099 467 1164 omittantur
498 1123 576 1164 cum
610 1101 793 1166 intentione
825 1101 1018 1166 inducenda
1052 1101 1284 1187 emigrationis,
1318 1125 1394 1189 qum

265 1212 401 1278 difficile
434 1213 698 1304 demonstratur,
734 1221 768 1279 et
801 1237 975 1302 uunquam
1011 1215 1258 1303 praesumitur¹.
1295 1214 1394 1280 Unde

265 1327 344 1392 licet
364 1328 397 1394 in
418 1328 535 1392 multis
555 1327 639 1392 locis
663 1327 751 1393 adsit
775 1328 985 1394 consuetudo
1005 1351 1073 1393 non
1097 1328 1280 1416 recipiendi
1300 1352 1395 1392 com-

266 1441 461 1506 munionem
481 1439 621 1506 sabbato
641 1449 769 1524 sancto,
788 1443 845 1530 jus
865 1465 932 1507 non
952 1441 1116 1508 habemus
1136 1465 1211 1508 eam
1231 1443 1396 1529 interpre-

266 1554 377 1634 tandi,
403 1555 505 1619 etiam
532 1578 592 1643 pro
618 1555 671 1620 his
700 1557 800 1638 locis,
823 1579 842 1620 a
869 1556 997 1621 fortiori
1025 1581 1084 1644 pro
1112 1555 1202 1639 aliis,
1230 1558 1263 1621 in
1292 1579 1396 1622 sensu

266 1668 521 1734 consuetudinis
541 1668 762 1756 obligatorirr.
1243 1661 1245 1666 ⁵

313 1782 361 1847 lta
388 1783 488 1848 multi
514 1789 669 1848 auctores
691 1784 829 1871 (praeter
855 1784 996 1871 eosqui
1024 1785 1140 1849 dicunt
1166 1784 1294 1848 licitam
1319 1807 1394 1849 esse

267 1897 539 1962 communionem
559 1897 593 1962 in
614 1897 695 1962 feria
711 1897 758 1962 VI
774 1897 807 1961 in
830 1897 1032 1978 Parasceve,
1054 1896 1239 1985 dequibus
1259 1899 1391 1985 supra),

267 2035 300 2075 v.
319 2036 369 2098 g.,
389 2012 522 2092 Merati,
541 2011 720 2092 Cavalieri,
735 2011 905 2093 Clericati,
921 2011 955 2078 S.
970 2012 1180 2098 AlphonsnS,
1196 2020 1276 2093 etc,
1291 2019 1355 2076 ete.
1368 2012 1391 2076 ².

314 2335 332 2408 ς
351 2335 385 2392 2.
406 2336 459 2392 De
478 2336 572 2392 hora
591 2335 842 2394 distribuendi
863 2349 1010 2394 sueram
1030 2335 1348 2394 communionem.

314 2563 407 2632 168.
427 2601 470 2610 -
491 2563 725 2630 Communio
744 2563 788 2630 in
806 2563 943 2632 missa.

314 2680 347 2740 t⁰
362 2677 509 2764 Tempus
529 2677 699 2758 normale,
717 2683 751 2741 et
771 2699 875 2741 sacrae
895 2677 1091 2766 antiquitati
1110 2676 1257 2741 maxime
1276 2697 1395 2739 conso·

267 2815 367 2873 num,
406 2789 630 2856 distribuendi
667 2813 797 2855 sacram
840 2791 1130 2872 communionem,
1169 2797 1221 2854 cst
1258 2795 1395 2876 tempus

268 2907 371 2990 ipsius
398 2907 527 2988 misam·
546 2905 627 2968 olim
654 2904 760 2986 enim,
787 2913 825 2968 nt
851 2927 953 2992 supra
977 2905 1104 2969 dictum
1129 2911 1181 2968 est
1202 2907 1253 2992 (n.
1279 2902 1392 2990 144),

266 3020 325 3084 vix
353 3026 448 3084 extra
478 3019 617 3082 missam
649 3041 743 3082 sacra
774 3019 967 3083 communio
995 3021 1085 3083 annia
1114 3015 1391 3083 distribuebatur.

266 3133 363 3198 Unde
388 3133 521 3220 Itituale
547 3154 743 3216 romanum,
765 3132 817 3196 tit.
842 3131 900 3214 IV,
922 3155 950 3196 c.
974 3154 1011 3212 n,
1034 3155 1068 3196 n.
1094 3133 1147 3212 10,
1167 3130 1239 3194 hirc
1263 3129 1391 3195 habet:

269 3275 285 3305 «
304 3246 506 3310 Communio
526 3252 638 3309 autem
659 3245 776 3334 populi
797 3248 888 3310 intra
909 3247 1057 3328 intissam,
1075 3246 1190 3310 statim
1205 3253 1285 3330 post
1304 3265 1394 3308 com-

267 3360 460 3423 munionem
479 3359 661 3422 aacerdotis
680 3360 897 3444 celebrantia,
919 3359 990 3423 tieri
1010 3357 1127 3440 debet,
1150 3359 1214 3424 nisi
1237 3357 1393 3444 quando-

264 3497 331 3560 que
350 3497 391 3537 cr
411 3472 606 3538 rationabili
625 3495 724 3537 causa
740 3483 819 3558 post
839 3474 975 3538 misaam
990 3473 1033 3537 sit
1053 3473 1221 3557 facienda.
1245 3499 1261 3534 n
1278 3471 1394 3536 Ratio-

266 3587 388 3652 nabilis
415 3610 515 3652 causa
542 3593 611 3668 est,
637 3610 670 3650 v.
698 3609 746 3673 g.,
774 3587 803 3652 si
827 3609 971 3675 magnus
997 3587 1042 3652 sit
1067 3585 1394 3651 communicantium

266 3726 449 3768 concursus
463 3723 469 3782 ;
492 3701 586 3784 item,
604 3701 633 3766 si
648 3700 724 3788 quis
744 3701 1017 3767 communionem
1031 3707 1126 3788 petat
1140 3707 1218 3789 post
1233 3700 1390 3780 missam,

266 3815 476 3882 rationabilis
489 3839 590 3880 causa
603 3814 830 3901 praesumitur.
847 3813 956 3879 Hodie
969 3815 1071 3879 etiam
1085 3815 1157 3880 dari
1177 3820 1289 3903 potest
1302 3835 1394 3878 com·

270 4005 273 4012 ¹
298 3985 361 4034 ¹Cs.
380 3986 549 4042 canonistas,
568 3985 594 4033 in
612 3986 652 4034 tit.
674 3983 712 4032 De
731 3983 940 4042 consuctndine;
960 3999 985 4032 v.
1006 4001 1041 4046 g„
1063 3983 1251 4040 Reiffenstnct,
1273 3984 1299 4030 in
1320 3982 1393 4031 huuc

266 4069 320 4125 tit,
336 4083 361 4115 n.
381 4071 503 4114 iae-iao.
586 4111 587 4114 ,

297 4145 435 4201 ²Mcruti,
456 4146 482 4193 in
503 4145 669 4202 Garamum,
692 4145 742 4193 loc.
761 4143 816 4202 cit,
833 4159 859 4191 n.
877 4148 914 4202 57,
935 4159 963 4205 p.
984 4148 1028 4192 178
1048 4157 1103 4207 sq.;
1123 4170 1153 4181 -
1173 4141 1319 4201 Caralicri,
1340 4142 1391 4192 too.

264 4227 322 4284 cit,
340 4243 365 4275 n.
381 4231 393 4274 t
407 4241 457 4288 sq..
474 4241 500 4287 p.
517 4229 601 4284 513-
617 4225 756 4282 Clementi,
773 4223 810 4272 De
823 4221 907 4272 Eucti.
923 4225 1102 4274 sacramento.
1116 4225 1174 4272 dec.
1191 4221 1250 4280 XV,
1259 4221 1391 4279 venetiis,

269 4311 340 4356 1720.
355 4323 381 4368 p.
396 4311 496 4357 88-922
512 4332 539 4340 -
554 4304 580 4353 S.
598 4305 688 4367 Alpa..
705 4305 752 4352 lib.
768 4303 817 4360 Vl,
835 4319 860 4351 n.
877 4307 931 4351 252.
