3180 5024
527 391 572 479 ris
591 429 707 480 simis
727 429 942 481 urausimaus
1264 427 1318 479 eir

188 593 280 653 esse,
303 571 363 638 sed
382 573 527 656 validas,
548 573 627 661 quia
646 596 784 662 nempe,
805 575 869 656 ait,
890 572 1069 661 presbyter
1088 572 1123 636 in
1143 595 1204 637 sua
1223 572 1316 637 ordi-

187 685 341 766 natione,
382 710 458 751 oum
496 688 527 752 ei
564 709 685 752 manus
721 694 912 774 unguntur,
954 687 1072 774 recipit
1109 693 1316 773 potestatem

186 799 408 865 consecrandi
427 808 459 866 et
479 800 716 882 benedicendi,
738 801 891 890 perhanc
914 801 1042 866 verba:
1065 827 1081 862 α
1107 799 1317 866 Consecrare

186 918 221 977 et
249 914 459 987 sanctificare
488 913 652 1001 digneris,
670 914 831 995 Domine,
857 937 980 980 manns
1012 915 1096 979 istas
1125 937 1186 1002 per
1212 915 1314 981 istam

185 1027 381 1092 unctionem
402 1034 436 1092 et
450 1035 602 1093 nostram
621 1028 906 1110 benedictionem,
924 1035 963 1093 ut
977 1051 1198 1116 quecumque
1216 1030 1318 1094 bene·

185 1143 348 1225 dicerint,
370 1125 624 1225 benedicantur,
645 1151 677 1206 et
696 1165 917 1230 quaecumque
936 1144 1212 1226 consecraverint,
1234 1165 1313 1208 eon·

185 1265 362 1322 sacrentur
374 1265 406 1321 et
420 1259 714 1343 sanctificentur...
729 1287 743 1318 n
760 1257 886 1323 -Sed
903 1257 1002 1323 valde
1013 1258 1160 1323 difficilis
1175 1265 1227 1322 est
1242 1258 1317 1322 haec

186 1372 372 1466 sententia;
395 1395 490 1452 nam,
513 1393 617 1459 quum
642 1372 779 1436 tandem
808 1370 992 1460 aliquando
1015 1371 1078 1436 hoc
1102 1378 1213 1437 totum
1232 1394 1315 1459 pen-

185 1488 264 1553 deat
292 1511 311 1554 a
339 1489 515 1554 voluntate
546 1489 720 1570 Ecclesiae,
751 1497 785 1553 et
813 1489 963 1554 Ecclesia
994 1489 1104 1554 ordini
1132 1489 1315 1578 episcopali

180 1625 271 1693 pure
290 1611 322 1667 et
344 1603 545 1688 simpliciter
577 1605 793 1668 reservaverit
820 1603 1015 1691 praedictam
1041 1610 1315 1692 paramentorum

184 1715 471 1798 benedictionem,
490 1723 527 1782 ut
547 1723 680 1782 constat
700 1717 912 1782 documentis
932 1741 1033 1806 supra
1051 1717 1097 1804 (n.
1118 1717 1211 1805 129)
1229 1717 1316 1782 alla-

183 1830 245 1912 tis,
268 1830 366 1896 valde
392 1831 529 1895 diflicile
556 1837 607 1896 est
633 1831 865 1896 demonstrare
891 1832 995 1912 talem
1024 1830 1314 1912 benedictionem,

183 1968 202 2010 a
223 1945 369 2030 simplici
388 1945 588 2033 presbytero
604 1944 744 2027 iactam,
767 1967 841 2010 esse
865 1945 1029 2024 validam;
1053 1945 1140 2010 siout
1165 1945 1255 2008 enim
1275 1967 1317 2009 ea

183 2081 259 2146 quae
288 2058 446 2127 Christus
474 2059 584 2124 ordini
613 2059 795 2147 episcopali
824 2059 1026 2141 reservavit,
1061 2066 1141 2124 sunt
1165 2057 1315 2124 invalido

182 2172 212 2236 si
231 2172 315 2236 fiant
335 2195 354 2236 a
374 2172 598 2261 presbyteris,
617 2173 664 2238 ita
683 2181 717 2238 et
735 2196 773 2238 ea
793 2196 867 2261 quac
886 2173 1036 2238 Ecclesia
1056 2173 1166 2238 ordini
1185 2173 1316 2261 episco-

181 2285 252 2374 pali
274 2287 477 2368 reservavit,
500 2286 668 2352 censenda
687 2295 767 2353 sunt
783 2286 930 2352 invalida
946 2287 975 2352 si
993 2289 1077 2353 siant
1097 2311 1115 2352 a
1134 2286 1317 2374 presbytc-

181 2401 247 2476 ris,
270 2401 351 2488 quia
371 2400 523 2465 Ecclesia
544 2399 709 2465 censenda
727 2408 778 2466 est
794 2401 925 2466 imitata
944 2401 1047 2466 luisse
1063 2401 1314 2466 institutionem

180 2514 320 2603 abipso
341 2513 479 2580 Christo
502 2521 691 2603 peractam,
718 2516 784 2579 nisi
810 2517 1015 2581 contrarium
1038 2523 1153 2602 aperte
1174 2515 1313 2580 demon·
1414 2585 1429 2608 .

155 2635 319 2695 'stretun
342 2628 482 2717 Allegat
502 2629 640 2718 quidem
664 2628 754 2694 card.
778 2629 879 2694 Petra
902 2629 1053 2716 glossam
1073 2637 1107 2695 et
1125 2630 1312 2708 Gonzalez;

181 2743 240 2808 sed
267 2743 354 2808 nihil
379 2743 494 2808 inveni
520 2743 554 2807 in
583 2743 666 2808 locis
698 2743 773 2822 cit.;
796 2742 908 2830 quoad
931 2741 1032 2807 verba
1058 2765 1159 2830 supra
1184 2743 1312 2824 relata,

180 2881 254 2945 quae
284 2857 412 2945 profert
433 2857 620 2946 Episcopus
648 2857 683 2921 in
714 2857 925 2922 ordinatione
951 2855 1156 2945 presbyteri,
1183 2855 1313 2920 intelli-

179 2978 308 3058 gamtur
331 2973 372 3037 de
391 2970 686 3038 benedictionibus
706 2978 740 3035 et
759 2971 1069 3036 consecrationibus
1088 2993 1173 3058 quas
1193 2970 1310 3035 Eccle-

179 3085 228 3151 sia
255 3086 437 3151 committit
465 3085 675 3175 simplicibus
700 3084 923 3173 presbyteris‚
946 3085 1001 3150 vel
1027 3085 1128 3151 etiam
1153 3085 1194 3150 de
1214 3091 1311 3174 pote-

177 3205 265 3264 state
292 3200 406 3288 aliqua
434 3199 556 3265 initiali
587 3199 794 3287 episcopales
825 3198 1077 3266 benedictiones
1106 3199 1307 3286 peragendi,

177 3314 288 3401 posita
307 3312 520 3400 delegatione
540 3311 685 3378 Romani
706 3312 890 3379 pontilicis.

224 3527 319 3596 1³2.
340 3567 383 3576 -
403 3526 592 3596 Formuln
615 3527 658 3594 in
683 3525 958 3596 benedictione
981 3533 1307 3614 paramentorum

175 3639 416 3710 adhibenda.
436 3680 481 3690 -
505 3639 648 3720 Quando
675 3641 863 3729 Episcopus
893 3639 1062 3705 benedicit
1086 3645 1299 3726 paramenta,

175 3754 283 3820 utitur
301 3754 456 3820 formulis
476 3755 511 3819 in
531 3755 722 3840 Pontificali
743 3776 881 3819 romano
901 3753 1037 3841 positis,
1060 3757 1147 3840 part.
1172 3752 1216 3830 Il,
1238 3751 1304 3816 sub

174 3869 309 3936 titulis:
335 3868 385 3934 De
408 3869 636 3934 benedictione
665 3869 926 3934 sacerdotalium
957 3869 1234 3932 indumentorum
1266 3868 1299 3931 in

172 4005 313 4068 qenere,
336 4021 381 4031 —-
406 3983 598 4048 Benedictio
628 3983 780 4068 specialis
806 3983 991 4070 cujuslibet
1019 3981 1227 4062 indumenti,
1256 4019 1302 4029 -

172 4097 222 4161 De
241 4095 469 4162 benedictione
488 4120 704 4186 mapparum,
731 4096 967 4184 corporalium.
989 4135 1033 4144 —-
1057 4093 1199 4176 Quando
1219 4117 1302 4160 vero

172 4209 364 4300 presbyter,
389 4213 453 4278 rite
481 4212 679 4300 deputatus,
706 4212 776 4276 lraec
800 4209 984 4293 benedicit,
1010 4211 1118 4278 utitur
1145 4209 1302 4276 formulis
