3224 5044
273 481 325 535 150
760 481 804 532 DE
822 481 920 532 iussn

272 628 451 694 instructio
470 625 504 692 S.
527 626 652 714 Congr.
675 625 779 692 Conc.
808 625 859 712 (n.
882 625 972 715 77);
991 649 1092 714 quam
1111 625 1264 713 regulam
1280 625 1401 690 obser-

270 743 418 808 vandam
438 763 511 807 esse
532 740 631 806 docet
650 739 853 806 Benedictus
872 740 964 823 XIV,
997 741 1099 805 etiam
1123 739 1260 828 quando
1280 739 1402 805 Indul-

271 864 344 921 tum
369 877 437 920 non
457 853 601 920 remittit
628 853 671 918 ad
690 853 777 918 hanc
806 855 1078 938 instructionem,
1101 855 1195 943 quia,
1218 854 1281 936 ait,
1305 881 1322 915 α
1345 861 1402 919 est

172 991 174 996 ’
272 970 344 1034 haec
362 969 470 1034 instar
484 967 571 1055 juris
589 967 751 1055 regulret.
777 995 793 1030 n
819 968 1015 1034 Notandum
1041 975 1171 1050 tamen,
1202 968 1290 1034 hanc
1313 991 1402 1057 prae-

269 1083 501 1171 sumptionem
530 1082 648 1148 cedere
672 1105 739 1147 non
764 1089 900 1148 tantum
924 1083 1075 1166 veritati,
1099 1082 1286 1148 sedetiam
1311 1083 1403 1148 vali-

271 1198 358 1264 diori
380 1197 636 1286 praesumptioni
658 1215 666 1263 ε
693 1197 784 1285 quod
804 1197 845 1262 de
865 1221 901 1262 se
921 1203 1027 1285 patet.
1044 1237 1089 1246 -
1108 1197 1235 1280 Hodie,
1258 1221 1403 1285 praeser-

273 1314 335 1378 tim
359 1312 450 1401 apud
473 1335 552 1395 nos,
575 1311 681 1377 rarior
700 1311 764 1376 erit
782 1311 877 1377 loeus
896 1311 974 1376 huic
996 1311 1207 1399 requisitioni
1232 1311 1274 1376 ab
1293 1311 1403 1377 heere-

268 1426 385 1508 dibus,
407 1435 480 1495 tum
500 1426 580 1514 qnia
598 1431 792 1506 testatorcS,
810 1426 891 1490 dum
906 1425 1089 1490 instituunt
1101 1449 1187 1490 onus
1201 1426 1400 1508 missarum,

269 1541 388 1606 dotem
414 1539 541 1604 directe
567 1539 680 1625 legare
711 1539 822 1605 solent
853 1539 1004 1604 ecclesiae
1029 1541 1085 1606 vel
1116 1541 1290 1620 instituto,
1324 1549 1403 1605 tum

270 1653 363 1742 quia,
385 1653 465 1719 licet
484 1653 518 1717 in
538 1654 648 1739 rigore
663 1653 751 1741 juris
766 1660 944 1719 teneantur
959 1653 1108 1720 haeredes
1124 1655 1403 1742 supplementum

271 1767 438 1857 praebere,
461 1790 550 1856 saepe
563 1789 632 1832 non
651 1773 811 1856 poterunt
830 1767 1011 1833 efficaciter
1030 1775 1088 1834 aut
1110 1769 1241 1834 utiliter
1260 1769 1337 1856 cogi
1355 1770 1402 1836 ad

274 1884 338 1948 hoc
356 1881 592 1970 praebendum3
613 1881 720 1962 unde,
738 1882 839 1970 juxta
859 1882 968 1970 ipsam
988 1881 1191 1963 clausulam,
1209 1883 1304 1948 locus
1324 1907 1403 1949 esse

271 1997 399 2085 poterit
417 1997 619 2062 reductioni.

321 2113 355 2178 3ο
375 2112 459 2176 Pars
479 2112 646 2198 posterior
661 2111 786 2178 indulti
805 2111 942 2200 respicit
961 2134 1064 2177 onera
1091 2112 1289 2194 missarum,
1311 2135 1403 2200 pree-

274 2225 401 2312 scripta
434 2225 572 2312 quidem
606 2250 626 2290 a
658 2231 836 2307 testatore,
873 2225 933 2289 sed
963 2225 1115 2290 nondum
1148 2232 1323 2314 acceptata
1357 2225 1402 2290 ab

275 2336 416 2402 ecelesia
443 2337 498 2402 vel
523 2338 698 2420 institut0;
728 2339 758 2403 si
784 2339 837 2404 his
860 2337 1019 2403 oneribus
1050 2361 1118 2403 non
1146 2339 1214 2404 sint
1235 2339 1403 2425 assignati

274 2450 404 2516 reditus
424 2451 648 2534 sufficientes,
668 2460 783 2540 potest
798 2453 977 2540 episcopus
992 2475 1093 2519 onera
1108 2453 1287 2535 moderari,
1306 2477 1403 2518 com-

273 2571 394 2653 putata
419 2565 634 2653 eleemosyna
659 2565 862 2632 celebrantis
882 2567 925 2632 ad
944 2573 1057 2632 taxam
1077 2567 1302 2654 eleemosyna
1316 2591 1403 2653 per-

271 2687 394 2765 petuae.
422 2680 503 2745 Haec
522 2688 637 2746 autem
661 2689 740 2746 taxa
759 2681 872 2746 missae
895 2689 1082 2766 perpetua,
1114 2689 1153 2746 ut
1169 2681 1242 2769 jam
1270 2681 1403 2747 dictum

272 2802 345 2876 est,
367 2795 475 2883 major
494 2818 568 2861 esse
588 2795 676 2860 solet
694 2802 773 2860 taxa
793 2795 906 2860 missae
929 2795 1118 2878 mannetis,·
1132 2817 1212 2860 nam
1232 2796 1295 2861 hoc
1314 2819 1405 2862 onus

271 2909 367 2996 quod
386 2909 451 2974 sibi
475 2910 655 2998 imponunt
674 2910 865 2975 sacerdotes
892 2909 1033 2998 alicujus
1052 2909 1203 2974 ecclesiae
1226 2911 1283 2976 vel
1301 2911 1405 2977 insti-

278 3023 342 3088 tuti
366 3023 559 3088 celebrandi
583 3023 706 3088 missas
732 3023 766 3086 in
790 3029 992 3111 perpetuum
1016 3033 1208 3110 gravccst,
1231 3024 1401 3112 eoquod,

277 3137 341 3200 hoe
360 3159 461 3202 onere
475 3143 649 3225 'suscept0,
672 3137 900 3226 impediantur
918 3159 960 3202 ne
980 3137 1034 3202 ad'
1040 3137 1183 3224 placitas
1195 3137 1406 3204 intentiones

272 3248 449 3313 celebrent
473 3250 652 3315 autetiam
676 3251 760 3316 alias
784 3251 922 3332 missaS,
950 3250 1088 3338 majoris
1118 3249 1231 3316 forsan
1258 3253 1405 3317 eleemo-

275 3383 384 3447 syme,
406 3361 588 3449 accipiant;
610 3364 700 3429 unde
720 3386 851 3452 aequum
873 3371 925 3428 est
944 3371 982 3429 ut
1006 3365 1222 3450 eleemosyna
1240 3373 1406 3453 perpetua

279 3473 385 3563 major
404 3474 448 3539 sit
467 3477 626 3542 manuali.

324 3589 357 3652 4⁰
382 3589 543 3655 Clausala
568 3591 680 3678 quoad
703 3599 834 3678 partem
858 3590 991 3656 fabricae
1015 3591 1280 3677 assignandam:
1303 3620 1320 3654 a
1338 3593 1406 3658 De-

280 3705 397 3768 tractis
412 3705 593 3788 nimirum,
612 3712 675 3770 etc.
701 3733 716 3766 n
738 3741 782 3752 —
802 3705 928 3770 Praeter
947 3706 1199 3792 eleemosynam
1218 3706 1406 3772 sacerdotis

274 3817 492 3900 celebrantis„
512 3818 716 3905 assignanda
731 3827 783 3883 est
796 3818 950 3906 quadam
965 3841 1044 3906 pars
1058 3841 1119 3906 pro
1136 3819 1211 3884 aliis
1227 3821 1404 3908 expensis,

274 4060 538 4122 designationem,
550 4061 597 4108 sed
611 4062 715 4109 tantum
726 4061 849 4123 imponat
858 4073 927 4108 onus
937 4060 1155 4119 determinatum,
1170 4061 1238 4110 utin
1252 4061 1404 4125 Urpeltcn„

278 4139 453 4190 Reductionir
467 4140 739 4203 missarum‚·16J'unii
755 4144 828 4200 real,
839 4153 929 4188 coram
941 4137 967 4188 S.
980 4140 1076 4202 Congr.
1090 4139 1172 4188 Conc.
1189 4141 1266 4204 (Acta
1279 4141 1304 4189 S.
1318 4141 1405 4200 Sedis,

276 4222 298 4267 t..
316 4233 399 4278 xxvii,
416 4236 442 4283 p.
459 4221 600 4285 aee-331).
1377 4243 1379 4246 ·

311 4299 320 4331 ¹
338 4299 376 4347 De
390 4300 507 4362 synodo,
523 4301 571 4348 lib.
588 4299 664 4360 x111,
678 4315 701 4348 c.
716 4299 775 4358 ult.,
789 4315 814 4347 n.
833 4305 871 4347 32.
