3246 5026
656 507 857 559 DOCUMENTA
1269 509 1316 563 ³81

193 675 255 736 que
270 672 378 714 revera
398 651 437 712 sit
458 652 516 712 sub
536 652 638 732 specie
658 653 746 733 panis
766 653 954 733 praecedenti
974 653 1046 714 licet
1066 655 1116 716 die
1136 657 1318 717 consecrati.

236 749 507 830 Praescriptionem
536 749 652 830 excipit
681 750 900 830 praesumpti0,
933 750 971 810 de
1003 771 1063 832 qua
1094 751 1187 811 modo
1219 773 1321 812 sermo

195 846 358 906 habendus
373 853 431 906 est.
449 845 601 926 Equidem
618 866 680 904 non
696 845 875 924 ignoramus
887 846 1141 927 jurisperitorum
1157 868 1321 908 commune

194 943 356 1022 adagium,
374 962 486 1023 nempe
505 941 626 1002 ratione
646 941 883 1002 consuetudinis
905 942 943 1002 ab
963 943 1200 1004 immemorabili
1220 945 1323 1004 allerri

196 1059 287 1120 posse
316 1039 347 1098 in
373 1038 511 1098 medium
542 1057 770 1118 quemcumque
802 1039 972 1116 gratiosum
1002 1039 1143 1114 titulum,
1172 1047 1203 1100 et
1228 1041 1321 1100 etiam

197 1133 393 1215 privilegium
414 1133 648 1215 Apostolicum,
670 1134 770 1216 quod,
792 1141 901 1214 utpote
922 1135 1008 1194 nullo
1028 1143 1114 1197 certo
1133 1135 1323 1197 documento

197 1231 380 1310 probatum,
408 1236 632 1310 praesumptum
657 1230 841 1310 appellatur.
866 1229 925 1289 Sed
949 1231 1068 1290 caeteris
1090 1233 1321 1312 praetermissis,

198 1347 235 1385 ne
252 1327 319 1386 haec
333 1327 464 1406 epistola
480 1326 603 1406 longior
616 1325 739 1400 evadat,
757 1326 935 1400 subdimus,
952 1327 1019 1387 haec
1033 1327 1164 1406 intelligi
1180 1349 1270 1408 posse
1285 1327 1325 1389 de

198 1423 259 1482 illis
278 1422 463 1503 privilegiis,
485 1443 556 1503 quae
575 1422 735 1502 impetrari
755 1423 931 1502 potuissent
950 1444 966 1483 a
983 1421 1061 1483 Sede
1081 1415 1278 1504 Apostolica,
1300 1427 1325 1485 si

198 1519 269 1599 quis
291 1539 325 1578 ea
348 1519 552 1599 postulasset,
577 1539 640 1578 non
664 1539 740 1578 vero
762 1517 800 1578 de
825 1518 902 1592 illis,
928 1541 998 1600 quae
1020 1540 1090 1580 cum
1114 1519 1324 1602 postulantur,

198 1615 305 1696 negari
320 1616 447 1676 omnino
462 1622 705 1688 consueverunt,
723 1635 761 1674 ne
776 1616 978 1696 praesumptio
994 1615 1063 1696 plus
1079 1615 1192 1679 habeat
1206 1618 1327 1679 roboris

199 1719 230 1772 ot
245 1711 395 1771 momenti
410 1731 503 1792 quam
519 1710 643 1770 veritas.
993 1699 994 1704 ἵ

242 1805 390 1867 Romanis
407 1805 611 1866 Pontificibus
631 1827 698 1866 mos
713 1815 776 1880 est,
794 1815 829 1866 ut
844 1829 877 1867 ea
900 1808 1041 1886 negotia,
1058 1829 1127 1888 quae
1145 1809 1204 1890 ipsi
1224 1831 1326 1890 perse

201 1903 346 1984 expedire
375 1902 491 1974 nolint,
516 1903 554 1962 ad
581 1902 849 1982 Congregationes
877 1903 1020 1984 rejiciant
1047 1905 1266 1978 examinanda,
1293 1914 1328 1966 ut

201 2019 306 2060 earum
322 1999 452 2060 consilio
467 2019 532 2060 rcm
549 1999 727 2080 expediant.
745 2001 837 2058 Anno
855 2001 941 2072 1657,
959 2019 1029 2059 cum
1045 2001 1077 2060 in
1092 2001 1219 2062 civitate
1234 2023 1327 2082 quam

201 2097 309 2156 dicunt
324 2094 362 2155 de
377 2093 616 2174 Assumptione,
635 2095 666 2154 in
683 2094 843 2175 provincia
863 2094 1114 2174 Paraguarionsi,
1131 2117 1201 2177 pars
1217 2119 1328 2176 magna

198 2191 352 2252 nobilium
372 2191 457 2249 domi
479 2211 511 2251 se
533 2191 723 2266 contineret,
746 2183 855 2272 utpote
876 2191 1000 2252 decenti
1024 2201 1175 2273 apparatu
1195 2194 1329 2254 vestium

202 2308 326 2366 carens,
343 2307 400 2346 nec
415 2287 576 2346 accederet
591 2287 629 2347 ad
646 2287 825 2360 ecclesiam,
843 2296 878 2347 ut
893 2307 1014 2348 sacrum
1030 2289 1080 2348 die
1096 2288 1176 2350 lesto
1191 2289 1328 2362 audiret,

201 2383 367 2464 opiscopus
392 2381 533 2443 exoravit
555 2391 590 2442 ut
617 2381 674 2442 sibi
697 2382 830 2443 facultas
852 2383 979 2446 daretur
1002 2384 1180 2445 celebrandi
1205 2387 1330 2446 missam

203 2479 418 2540 antelucanam
439 2478 590 2539 nobilium
613 2479 834 2559 predictorum
855 2481 969 2558 gratia,
987 2487 1018 2540 et
1037 2480 1129 2541 aliam
1149 2489 1221 2541 ante
1241 2482 1331 2542 meri-

203 2576 302 2648 diem,
320 2583 355 2636 ut
370 2575 509 2656 reliquus
525 2575 659 2656 populus
680 2575 782 2634 missae
802 2581 959 2656 praecepto
974 2575 1084 2636 diebus
1105 2577 1192 2637 lestis
1212 2578 1332 2638 satisla-

204 2680 298 2732 reret.
323 2671 370 2731 De
392 2671 450 2731 hac
475 2692 507 2730 re
531 2678 635 2731 actum
662 2671 720 2730 luit
746 2671 778 2729 in
803 2670 919 2749 Congr.
947 2671 1057 2744 Cone,
1085 2673 1136 2732 die
1160 2679 1172 2732 1
1199 2681 1332 2754 septem-

206 2768 267 2827 bris
290 2769 384 2840 1657;
407 2788 462 2827 nec
485 2767 595 2848 petitio
618 2767 677 2826 luit
700 2767 861 2840 exaudita,
885 2787 920 2826 ea
943 2767 1139 2847 potissimum
1162 2768 1199 2827 de
1221 2791 1330 2842 causa,

204 2864 289 2944 quod
304 2863 550 2944 imperceptibile
566 2864 666 2922 visum
683 2871 744 2936 est,
760 2863 854 2922 alium
871 2883 933 2923 non
949 2863 1057 2924 adesse
1072 2863 1265 2924 sacerdotem
1279 2865 1333 2944 qui

207 2960 329 3020 missam
354 2960 571 3020 antelucanam
596 2959 769 3020 celebraret
791 2980 847 3039 pro
871 2957 1044 3032 nobilibus,
1068 2959 1332 3040 quemadmodum

206 3056 366 3135 colligitur
381 3077 418 3116 cx
435 3055 489 3117 lib.
508 3055 580 3116 xxl
597 3055 735 3134 Decret,
753 3076 824 3136 pag.
841 3057 890 3114 65.

246 3152 400 3212 Praeterea
429 3152 518 3213 vobis
547 3151 693 3212 omnibus
723 3159 834 3211 notum
864 3143 926 3224 est,
958 3152 990 3210 in
1021 3152 1124 3232 regnis
1152 3153 1332 3232 Aragoniae,

206 3248 375 3326 Valentiae,
407 3255 437 3308 et
470 3248 501 3306 in
530 3247 681 3308 comitatu
711 3247 920 3322 Catalauniae,
952 3248 1002 3308 die
1031 3249 1335 3310 commemorationis

208 3346 347 3405 omnium
365 3345 500 3404 lidelium
516 3343 754 3418 defunctorum,
769 3343 942 3424 quemlibet
958 3345 1151 3406 sacerdotem
1165 3346 1334 3408 secularem

212 3441 257 3502 bis
272 3442 397 3501 missam
414 3440 570 3501 celebrare
586 3461 690 3521 posse,
707 3448 739 3500 et
755 3448 803 3500 ter
818 3442 990 3522 quemlibet
1006 3443 1198 3502 sacerdotem
1214 3443 1336 3521 regula-

210 3557 293 3612 rom3
310 3537 394 3618 quod
415 3536 571 3617 singulare
592 3537 789 3618 privilegium
809 3538 946 3617 antiquae
966 3537 1185 3598 consuetudini
1201 3545 1231 3597 et
1247 3538 1337 3597 lamae

209 3635 381 3715 Apostolici
401 3633 554 3715 privilegii
575 3632 714 3693 concessi
737 3632 787 3692 vel
809 3654 826 3692 a
848 3633 933 3692 lulio
957 3633 1017 3707 lll,
1041 3634 1090 3692 vol
1113 3655 1129 3693 a
1153 3633 1251 3693 Paulo
1274 3633 1336 3704 ΙΙΙ,

209 3731 337 3790 summis
362 3729 582 3803 Pontificibus,
611 3729 765 3789 innititur.
794 3729 842 3788 De
867 3729 952 3790 dicto
975 3729 1138 3810 privilegio
1162 3730 1282 3808 egimus
1306 3730 1338 3788 in

209 3847 302 3907 supra
325 3827 420 3886 citato
442 3833 550 3886 nostro
571 3823 805 3886 Commentario
827 3823 866 3884 de
888 3823 1046 3908 sacrificio
1069 3825 1186 3904 misaac,
1209 3835 1284 3888 sect.
1302 3849 1337 3900 u,

210 3929 226 3996 ξ
247 3923 302 3996 31,
325 3931 357 3982 et
378 3921 471 3982 latius
495 3921 569 3981 dum
595 3941 723 3982 munere
748 3921 955 4000 fungebamur
975 3923 1138 3983 Secretarii
1162 3922 1340 4004 Congrega-

212 4019 306 4078 tionis
328 4018 476 4092 Concilii,
500 4039 570 4078 cum
593 4038 686 4078 causa
709 4017 852 4099 quaedam
876 4017 1058 4078 Castellana
1079 4027 1339 4099 pertractaretur,

211 4113 475 4194 quemadmodum
501 4113 599 4174 videri
624 4122 728 4195 potest
753 4115 783 4173 in
814 4113 974 4174 Thesauro
1001 4113 1235 4175 Resolutionum
1263 4138 1341 4197 prae-

212 4210 303 4270 dictac
326 4210 600 4290 Congregationis,
627 4217 701 4270 tom.
726 4231 761 4284 u,
785 4231 855 4289 pag.
885 4213 959 4284 1683
983 4218 1015 4270 et
1042 4211 1131 4292 plura
1153 4233 1279 4293 quoque
1303 4213 1341 4273 de

211 4307 297 4366 dicto
312 4307 473 4387 privilegio
489 4307 584 4366 relata
599 4305 725 4366 luerunt
741 4327 757 4366 a
771 4305 861 4366 bonae
878 4308 1037 4367 memoriae
1053 4307 1201 4368 cardinali
1215 4309 1342 4370 Lanlre·
