3224 5044
329 461 363 515 98
810 457 854 507 DE
874 456 974 508 iussn

329 629 408 672 nem
440 603 612 669 attributa
645 601 888 687 elcemosynae,
919 602 1126 688 praescripta
1159 601 1302 683 luerint,
1344 629 1359 660 n
1394 602 1462 668 hoc

327 719 520 808 significat:
548 717 639 796 Quot
662 716 706 780 al>
726 715 797 801 ipso
819 718 980 800 offerente
1005 713 1092 802 (non
1112 715 1154 782 ab
1179 714 1375 798 Ordinario,
1400 717 1461 806 qui

328 833 535 922 stipendium
556 829 703 918 taxavit)
724 828 839 917 petita
858 835 893 894 et
911 829 1116 918 praescripta
1131 835 1237 896 suut:
1259 831 1352 919 quod
1374 853 1459 896 con-

326 953 395 1012 stat
414 969 456 1012 ex
477 966 633 1031 responso
652 941 678 1012 2
698 941 851 1030 ejusdem
870 943 905 1008 S.
929 940 1070 1029 Congu,
1093 966 1194 1033 super
1213 943 1267 1008 his
1294 944 1455 1010 decretis.

324 1099 369 1112 -
394 1061 499 1126 Porro
520 1059 590 1123 haec
616 1057 752 1122 decreta
776 1063 811 1122 et
840 1079 1003 1144 responsa
1029 1058 1097 1122 vim
1127 1058 1252 1122 liabent
1273 1058 1357 1143 lepis
1373 1082 1459 1145 pro-

320 1177 398 1263 prie
416 1176 532 1258 dictae,·
547 1174 588 1238 dc
608 1195 675 1260 quo
697 1169 874 1236 sciendum
893 1178 963 1254 est,
985 1172 1123 1238 Sacram
1145 1173 1457 1259 CongregatIonem

325 1289 485 1371 Concilii,
507 1287 550 1353 ad
569 1285 833 1374 compescendos
853 1283 979 1350 abusus
1004 1309 1045 1351 ex
1069 1286 1249 1374 stipendiis
1273 1286 1457 1352 missarum

324 1411 429 1486 ortos,
447 1401 593 1468 edidisse
604 1400 657 1465 die
670 1399 709 1464 21
719 1398 808 1488 junii
824 1397 922 1482 1626,
939 1406 1016 1465 octo
1032 1400 1196 1482 decreta¹,
1213 1423 1315 1489 super
1330 1399 1457 1489 quibus

324 1539 430 1605 quum
442 1523 515 1580 orta
535 1514 660 1579 luerint
679 1511 793 1592 dubia,
813 1513 936 1600 viginti
954 1536 1112 1600 responsa
1127 1537 1189 1580 seu
1210 1515 1457 1580 declarationes

323 1627 429 1694 edidit
443 1630 464 1694 ⁵.
498 1629 579 1693 Haec
606 1633 719 1692 autem
740 1626 853 1690 omnia
878 1627 1009 1692 decreta
1034 1633 1068 1692 et
1094 1649 1250 1714 responsa
1275 1627 1456 1693 confirma-

323 1742 374 1808 vit
399 1749 433 1808 et
459 1741 500 1806 de
529 1739 632 1805 verbo
659 1739 703 1804 ad
735 1737 878 1804 verbum
910 1741 1106 1829 perscripsit
1126 1741 1243 1806 eadem
1263 1741 1299 1808 S.
1323 1741 1452 1829 Congr.

322 1857 484 1938 Consilii,
519 1855 561 1922 23
595 1876 674 1919 nov.
712 1853 814 1935 1691,
846 1852 1001 1942 pluribus
1030 1855 1106 1920 aliis
1136 1855 1262 1921 additis
1296 1857 1451 1922 decretis.

322 1970 473 2036 Tandem
503 1969 573 2034 haec
600 1967 712 2033 omnia
734 1967 932 2055 complexus
963 1976 1015 2032 est
1041 1975 1075 2033 et
1101 1968 1137 2032 in
1163 1975 1304 2034 extenso
1334 1970 1454 2035 retulit

323 2083 542 2149 Innocentius
576 2081 656 2164 XII,
694 2079 789 2146 bulla
819 2081 954 2166 Nuper,
991 2081 1033 2148 23
1072 2081 1144 2147 dec.
1188 2082 1272 2149 1697
1288 2083 1310 2148 ³.
1343 2083 1453 2172 Atqui

321 2196 432 2284 priora
452 2197 600 2278 decreta,
623 2219 678 2259 an.
703 2195 805 2277 1625,
827 2195 898 2258 vim
923 2194 1009 2282 Iegis
1029 2194 1172 2276 habeut;
1195 2219 1234 2260 ea
1258 2197 1349 2261 enim
1369 2220 1453 2262 con-

321 2307 407 2374 didit
431 2308 465 2374 S.
489 2306 615 2396 Congr.
638 2307 758 2388 Cone,
781 2309 812 2373 vi
831 2309 1043 2374 auctoritatis
1066 2309 1219 2395 specialis
1232 2310 1299 2374 sihi
1316 2311 1362 2375 ab
1384 2311 1453 2376 Ur-

320 2421 408 2487 bano
435 2421 521 2486 VIII
544 2423 588 2487 ad
618 2422 678 2487 Itoc
705 2445 862 2487 concessas
883 2421 939 2508 (ut
958 2423 993 2487 iu
1027 2423 1100 2511 ipso
1127 2430 1224 2489 textu
1251 2424 1396 2512 legitur)
1418 2431 1452 2490 et

322 2536 384 2600 rite
418 2535 674 2622 pronzulqanda
707 2537 850 2601 curavit.
894 2536 980 2601 Item
1016 2535 1140 2624 viginti
1182 2559 1340 2623 responsa
1378 2539 1451 2602 vim

321 2649 407 2736 legis
438 2649 581 2732 habent;
612 2649 739 2739 pariter
776 2656 810 2714 et
846 2673 935 2715 nova
969 2649 1104 2716 decreta
1141 2674 1196 2718 an.
1231 2651 1333 2732 169“1;
1368 2675 1451 2718 uam

322 2763 540 2829 Innocentius
571 2763 651 2844 XII,
684 2769 723 2827 ut
752 2785 911 2852 expresse
942 2762 1025 2828 dicit
1054 2764 1089 2829 in
1116 2763 1211 2830 bulla
1240 2765 1380 2851 Nuper,
1408 2765 1451 2831 iis

319 2877 477 2943 omnibus
497 2877 679 2964 specialem
694 2875 985 2942 confirmationem
1005 2877 1140 2960 tribuit,
1163 2878 1260 2966 quasi
1280 2879 1349 2965 ipsc
1366 2901 1450 2965 pro-

314 2991 395 3076 pria
416 2992 617 3056 auctoritate
638 2990 821 3077 apostolica
847 2991 1015 3056 conderet.
1038 2990 1136 3057 Unde
1159 2991 1192 3056 S.
1216 2991 1449 3078 Congregatio

319 3103 479 3184 Concilii,
511 3103 546 3167 in
576 3127 644 3168 una
671 3103 952 3189 Conqreqationis
984 3104 1155 3169 Passionis
1178 3105 1221 3170 D.
1249 3105 1294 3170 N.
1323 3105 1358 3171 J.
1389 3105 1446 3188 C„

320 3215 360 3281 16
380 3215 453 3280 dec.
477 3215 562 3281 1893
573 3217 594 3296 ⁴,
618 3216 803 3282 declaravit
826 3217 940 3281 omnia
960 3216 1019 3281 illa
1043 3216 1179 3284 decreta
1199 3216 1350 3304 obligare
1370 3217 1447 3283 ubi-

349 3465 356 3498 ¹
374 3463 493 3521 Quorum
508 3467 597 3514 tumen
610 3465 663 3514 duo
679 3467 774 3516 ultima
786 3467 928 3516 missarum
944 3466 1153 3516 celebrationem
1168 3468 1272 3516 directe
1287 3483 1341 3516 non
1355 3469 1445 3532 respi-

316 3545 400 3595 ciunt.

347 3625 439 3674 ²Horc
460 3625 570 3675 decreta
590 3625 656 3675 Cum
678 3641 747 3690 sape
770 3624 912 3691 contingat
934 3626 1109 3675 Inveniuntur
1129 3627 1156 3675 in
1175 3626 1247 3676 Bull.
1272 3642 1351 3688 rom,
1373 3631 1393 3678 t.
1418 3645 1444 3686 v,

316 3709 385 3769 part.
402 3711 429 3764 5,
446 3721 471 3769 p.
488 3711 618 3766 335·³38;
635 3709 698 3768 post
712 3705 833 3763 decreta,
850 3709 1001 3769 sequuntur
1016 3721 1152 3770 responsa.

347 3785 444 3836 Ι11111.
469 3801 545 3842 rom„
563 3789 582 3834 t.
604 3801 643 3844 rx,
663 3801 690 3848 p.
710 3789 832 3834 tsi-iri.
851 3785 917 3834 Haec
933 3785 1041 3834 decreta
1058 3786 1149 3849 plures
1167 3785 1288 3837 referunt
1302 3791 1443 3846 suctores.

316 3880 341 3914 v.
362 3881 397 3928 3.,
414 3865 605 3924 Reiltenstuel‚
622 3865 648 3912 in
667 3865 709 3914 tit.
731 3866 768 3914 De
787 3863 970 3915 celebratione
991 3865 1149 3924 missarum,
1170 3881 1196 3914 n.
1217 3872 1307 3926 19;-
1324 3867 1443 3930 Girsldi,

317 3943 468 4008 Expositis,
485 3948 547 4003 stc,
559 3947 628 4008 part.
646 3943 683 4004 11,
699 3949 765 3994 sect.
782 3960 860 4004 uxvu,
877 3961 902 4008 p.
919 3949 963 3994 895
973 3959 979 4006 ;
990 3944 1134 4006 —Lucidi,
1144 3945 1182 3996 De
1192 3945 1362 4006 visitatione,
1378 3951 1443 4008 etc..

315 4027 384 4087 pert.
399 4024 433 4084 11,
447 4028 488 4084 tr,
505 4041 533 4092 p..
549 4029 608 4085 380;
620 4051 649 4061 —
661 4023 802 4088 Gsspsrri,
820 4025 856 4074 De
870 4024 1055 4083 Eucharistiae,
1070 4028 1090 4074 1.
1107 4042 1137 4086 rr,
1154 4042 1181 4090 p.
1197 4029 1255 4088 136;
1271 4055 1299 4063 -
1314 4027 1443 4088 Ferraria.

315 4113 345 4150 v⁰
359 4103 452 4163 Ilisso,
469 4109 519 4153 nrt.
541 4111 568 4162 2,
584 4119 611 4156 n.
631 4109 698 4154 1.-
719 4104 784 4154 lloec
803 4105 884 4154 etism
901 4105 985 4154 trabes
1004 4106 1037 4154 ud
1057 4106 1158 4155 calcem
1180 4107 1260 4170 hujus
1281 4107 1443 4168 volumInis,

313 4181 510 4232 Documentum
525 4184 546 4234 l.

345 4261 355 4294 ⁴
370 4261 436 4310 Acta
450 4262 475 4312 S.
491 4263 579 4321 Sedis,
597 4267 616 4312 t.
632 4279 708 4325 xxvi,
723 4281 750 4328 p.
767 4269 821 4314 ⁴05.
