3246 5026
319 487 372 540 374
808 487 852 536 DE
870 485 969 537 mssa

319 633 345 692 si
367 631 449 692 idem
470 629 600 690 verbum
619 629 752 711 sufficit,
770 629 935 690 eonsilium
953 650 1016 690 uno
1031 629 1117 702 loco,
1134 627 1197 688 alio
1211 635 1315 688 autem
1333 647 1453 709 praeee-

319 737 408 810 ptum
428 747 492 808 prae
508 747 540 786 se
556 725 647 786 ferat.
665 727 699 785 ld
716 726 818 808 ipsum
834 728 951 808 quippe
965 727 1059 786 etiam
1080 725 1212 804 contigit
1227 725 1259 784 in
1275 723 1372 784 verbo
1387 743 1454 783 non

318 831 440 906 oportet
450 843 460 883 .·
474 821 559 904 quod
571 821 662 903 juxta
676 823 777 884 varias
789 843 894 882 rerum
908 822 1158 882 circumstantias
1172 821 1204 880 in
1217 819 1288 902 jure
1300 820 1456 880 canonico

320 921 414 980 modo
438 919 539 980 solum
565 919 739 980 honestatis
763 918 903 979 officium
927 941 964 980 ac
988 918 1162 979 decentiam
1188 917 1333 991 denotat,
1358 915 1455 976 modo

320 1037 395 1077 vero
429 1015 648 1076 necessitatem
681 1023 775 1098 atque
809 1023 1020 1096 praeceptum,
1052 1015 1096 1074 uti
1126 1013 1271 1095 pluribus
1301 1013 1456 1092 exemplis

319 1113 513 1174 demonstrat
541 1111 700 1173 Baldellus
723 1112 811 1192 Disp.
844 1111 994 1194 theoloq„
1020 1119 1095 1171 tom.
1121 1131 1147 1186 1,
1170 1109 1224 1172 lib.
1246 1108 1286 1182 V,
1310 1108 1453 1182 dub.x1,

320 1221 351 1269 n.
368 1209 398 1270 4.
414 1209 530 1271 Verum
551 1232 589 1272 ex
605 1208 748 1270 Honorio
768 1207 829 1282 lll,
846 1207 900 1290 qui
921 1215 992 1288 post
1009 1207 1228 1268 Innocentium
1245 1205 1291 1265 lll
1308 1204 1455 1265 Pontifex

215 1349 218 1364 .
321 1305 518 1368 renuntiatus
528 1307 598 1380 fuit,
611 1306 642 1364 in
655 1312 742 1364 textu
757 1303 800 1364 Te
814 1303 986 1386 referente,
1005 1303 1063 1364 sub
1078 1302 1188 1376 eodem
1204 1302 1298 1362 titulo
1309 1301 1357 1362 De
1371 1300 1454 1360 cele-

321 1401 467 1462 bratione
499 1402 684 1478 missarum,
721 1401 888 1461 manifesto
920 1399 1178 1482 deprehenditur,
1209 1397 1286 1458 illud
1321 1397 1453 1458 verbum

321 1496 484 1578 sufficere,
503 1498 541 1558 de
555 1519 618 1579 quo
633 1497 664 1556 in
680 1496 830 1557 decretali
846 1497 1025 1556 Innocentis
1040 1497 1101 1569 lll,
1118 1517 1189 1556 cum
1206 1503 1364 1576 praecepto
1379 1513 1455 1554 con-

317 1593 419 1672 jungi.
438 1593 516 1652 Rem
534 1601 646 1666 totam,
664 1577 755 1652 siculi
771 1601 858 1672 gesta
873 1600 935 1664 est,
953 1591 1199 1664 recensebimus,
1218 1591 1261 1650 uti
1278 1597 1400 1649 constat
1416 1611 1454 1650 ex

323 1687 491 1762 Gonzalez,
520 1689 572 1770 qui
599 1687 788 1749 decretalem
820 1689 973 1767 integram
1006 1687 1146 1769 ejusdem
1180 1685 1312 1746 Honorii
1340 1685 1455 1746 descri-

324 1784 380 1845 hit.

364 1881 557 1963 Sypontinus
577 1881 829 1962 archiepiscopus
849 1890 934 1953 (eam
954 1879 1049 1939 modo
1069 1880 1228 1939 civitatem
1250 1879 1345 1958 vulgo
1366 1878 1454 1938 blan-

324 1977 497 2036 fredoniam
521 1977 698 2058 appellant)
724 1977 799 2037 feria
827 1976 936 2058 quinta
963 1975 1090 2057 majoris
1116 1974 1321 2035 hebdomadae
1348 1981 1453 2034 saneta

324 2072 401 2131 Olea
417 2071 455 2132 de
471 2094 557 2132 more
572 2073 604 2132 in
619 2072 749 2134 ecclesia
765 2072 935 2133 cathedrali
952 2072 1011 2132 rite
1026 2071 1239 2132 consecrabat.
1258 2071 1373 2130 Eadem
1390 2069 1453 2143 die,

325 2187 463 2226 menese
484 2169 665 2229 conferebat
684 2169 722 2229 ad
743 2177 882 2230 montem
899 2169 1096 2248 Garganum,
1114 2175 1149 2228 ut
1168 2167 1349 2248 peregrinos
1369 2166 1455 2226 exci-

324 2271 428 2344 peret,
446 2263 499 2344 qui
520 2283 630 2340 magna
646 2265 822 2344 frequentia
838 2265 869 2324 in
887 2286 959 2324 eum
974 2265 1078 2324 locum
1099 2264 1258 2342 religionis
1273 2283 1366 2323 eausa
1382 2283 1456 2322 con-

324 2358 474 2420 fluebant.
502 2357 578 2439 Ejus
607 2358 666 2418 loci
691 2359 793 2420 clerus
819 2381 855 2420 ae
882 2360 1017 2442 populus
1043 2355 1314 2441 archiepiscopum
1341 2379 1456 2437 magno

324 2456 430 2516 studio
446 2463 607 2534 rogarunt,
624 2465 659 2516 ut
673 2477 794 2516 sacrum
811 2457 948 2530 iteraret,
964 2455 1049 2537 quod
1064 2464 1167 2516 tamen
1183 2455 1236 2515 ille
1252 2455 1353 2516 faeere
1368 2475 1457 2516 recu-

324 2552 419 2623 savit,
437 2550 538 2612 donec
558 2551 728 2633 superbae
749 2573 780 2612 re
796 2552 957 2613 Pontificis
979 2553 1110 2612 Honorii
1126 2553 1171 2612 Ill
1193 2573 1377 2632 responsum
1398 2551 1457 2611 sibi

326 2647 519 2709 redderetur.
534 2647 680 2710 Pontifex
692 2649 814 2709 initium
826 2649 962 2708 desumit
974 2669 991 2708 a
1006 2647 1108 2708 verbis
1120 2649 1195 2729 ipsis
1208 2648 1382 2709 Innocentii
1397 2647 1457 2726 111,

327 2745 563 2826 praedecessoris
584 2745 646 2818 sui,
665 2763 797 2827 nempe:
816 2745 894 2806 Cum
916 2743 1049 2804 cuilibet
1068 2743 1239 2820 sacerdoti,
1257 2765 1459 2827 quacumque

326 2840 485 2923 ‹lipnitate
495 2841 706 2925 praesument,
731 2863 824 2902 unam
846 2840 879 2901 in
899 2839 951 2901 die
972 2839 1134 2901 celebrare
1149 2840 1276 2901 missam
1298 2840 1456 2922 sufficiat,

328 2958 401 2997 nam
417 2946 447 2998 et
462 2937 553 2999 ualde
568 2945 613 3000 est
626 2937 723 3019 felia,
742 2937 799 3021 qui
812 2936 952 2998 celebrat
967 2935 1066 3019 dipne
1082 2957 1188 2997 urrani.
1207 2936 1365 2996 Posthac
1380 2957 1461 3016 prse-

327 3034 412 3114 cepit
427 3034 673 3116 archiepiscopo,
687 3043 721 3095 ut
733 3035 863 3115 Syponli
880 3055 943 3093 rem
961 3033 1098 3093 divinam
1115 3041 1254 3114 peragat,
1266 3032 1320 3092 ubi
1335 3053 1459 3096 sacrum

328 3129 463 3189 chrisma
479 3131 631 3190 conficere
649 3131 797 3204 debebat,
814 3137 846 3190 et
861 3131 892 3189 in
908 3130 1038 3191 ecclesia
1054 3131 1170 3190 montis
1190 3127 1326 3209 Gargani
1341 3129 1462 3189 sacrifi-

328 3225 411 3284 cium
439 3226 549 3286 offerre
576 3228 811 3306 pretermittas,
836 3227 945 3308 hisque
973 3227 1072 3286 utitur
1099 3225 1217 3310 verbis,
1241 3225 1356 3307 quibus
1381 3224 1461 3284 illud

328 3319 461 3402 sufficit,
475 3321 513 3380 ab
529 3321 712 3382 Innocentio
726 3322 770 3381 lll
782 3323 944 3403 scriptum,
962 3343 1031 3383 eum
1048 3329 1205 3402 praecepto
1219 3323 1349 3382 omnino
1363 3341 1462 3401 copu-

331 3416 386 3477 lari
409 3416 569 3478 declarat:
592 3417 803 3478 Fraternitati
825 3425 885 3478 tun
908 3417 1095 3478 mandamus
1117 3424 1273 3500 quatenus
1293 3416 1345 3477 die
1363 3437 1462 3477 coerra»

332 3513 463 3576 Domini
477 3513 509 3574 in
526 3513 657 3576 ecclesia
669 3512 848 3598 Sypontina
862 3513 1038 3590 clariritaeat,
1055 3513 1163 3596 inqua
1181 3511 1297 3573 teneris
1311 3512 1461 3574 Chrisma

311 3610 313 3620 '
331 3611 500 3693 conficere,
512 3611 681 3672 missarum
697 3611 823 3672 studeas
838 3609 993 3670 solemnia
1004 3608 1175 3671 celebrare.
1191 3609 1390 3669 Innocentius
1405 3609 1461 3690 qui

332 3715 464 3788 excepto
488 3708 539 3768 die
567 3707 747 3768 Nativitatis
774 3707 963 3778 Dominicis,
992 3705 1153 3787 prohibuit
1175 3705 1328 3765 sacerdoti
1354 3706 1461 3786 plures

333 3804 442 3863 missas
464 3825 524 3865 una
547 3803 596 3864 dic
619 3803 791 3876 celebrare,
814 3804 845 3862 in
864 3804 917 3864 cit.
935 3824 1004 3883 cap.
1023 3799 1235 3877 Consnlrn'sti,
1253 3801 1299 3861 De
1320 3799 1461 3872 celebra·

334 3899 417 3960 tione
442 3899 626 3977 missarum,
652 3899 797 3960 addidit:
825 3899 888 3959 in'si
911 3919 1006 3960 causa
1031 3895 1227 3958 necessitatis
1251 3895 1392 3956 stradeat.
1418 3901 1459 3956 At

335 3995 494 4057 Honorius
512 3997 566 4078 qui
586 3997 616 4056 in
637 4017 704 4076 cap.
731 3995 774 4055 Te
791 3995 962 4076 referente,
984 3993 1094 4055 eodem
1114 3995 1163 4054 tit.
1180 3993 1227 4054 De
1248 3991 1460 4053 celebratione

335 4092 515 4170 missarum,
533 4092 768 4173 archiepiscopo
784 4092 959 4172 Sypontino
973 4089 1144 4170 rescripsit,
1160 4089 1218 4170 ipsi
1234 4089 1281 4148 fas
1296 4109 1358 4148 non
1373 4109 1458 4160 csse,

335 4197 406 4270 post
420 4210 484 4250 rem
500 4189 638 4249 divinam
654 4195 828 4268 peractam,
845 4185 919 4246 dum
935 4207 1057 4246 sacrum
1077 4183 1210 4245 chrisma
1226 4183 1411 4244 conficiebat
1427 4185 1458 4242 in

333 4285 463 4345 ccclesia
486 4285 674 4366 Sypontina,
698 4284 790 4344 aliam
812 4283 936 4342 missam
960 4281 1117 4342 celebrare
1137 4281 1169 4338 in
1192 4281 1320 4340 ccclesia
1343 4281 1460 4340 montis
