3224 5044
400 541 444 590 DE
463 539 636 591 Massiuam
656 505 885 592 Etnssnosims
905 540 1116 591 MANUAleUS
1270 539 1322 592 117

195 684 338 750 celebris
350 684 512 750 resolutio
524 685 559 750 S.
574 683 700 771 Congr.
716 683 820 749 Cone.
834 685 868 748 in
884 685 1099 750 Cameracen.
1121 685 1214 767 Haec,
1232 685 1320 750 inter

191 798 272 880 alia,
295 799 437 886 quaesita
457 805 553 862 eraut
574 817 581 865 :
605 824 620 858 ιι
644 797 676 862 2.
699 797 755 862 Αιι
774 796 941 885 parochus
965 797 1024 885 qui
1047 797 1082 861 in
1105 821 1173 862 una
1200 797 1318 862 eadem

194 912 368 1002 parocbia,
383 911 436 976 bis
453 910 572 976 cadem
589 911 642 976 die
656 909 823 994 celebrat,
838 894 1018 999 utramque
1033 910 1174 977 missam
1192 911 1318 999 populo

193 1026 258 1091 sibi
277 1026 459 1092 commisso
479 1025 586 1114 gratis
605 1025 743 1090 omnino
756 1023 925 1113 applicare
940 1032 1096 1090 teneatur
1110 1025 1145 1089 in
1161 1047 1256 1106 easu;
1274 1064 1318 1074 —

192 1141 224 1207 3.
250 1141 308 1206 An
333 1139 452 1206 vicarii
480 1145 539 1204 aul
566 1139 624 1204 alii
653 1139 846 1204 sacerdotes
873 1162 990 1204 curam
1022 1139 1212 1204 animarum
1249 1162 1318 1204 non

191 1255 372 1336 habentes,
400 1255 428 1319 si
452 1253 588 1341 quando
608 1252 715 1318 bisin
740 1252 794 1318 die
818 1252 1046 1332 eelebrent...
1073 1253 1257 1318 secundam
1285 1261 1318 1319 et

191 1368 256 1457 ipsi
282 1368 422 1434 missam
445 1367 571 1456 populo
595 1367 702 1455 gratis
729 1367 899 1455 applicare
927 1359 1109 1434 teneantur
1127 1368 1162 1431 in
1182 1389 1279 1448 casu;
1302 1397 1317 1429 a

116 1555 120 1560 .
190 1505 290 1570 porro
318 1481 519 1570 respondit:
542 1508 558 1542 ιι
588 1481 646 1546 Ad
671 1481 703 1546 2:
737 1481 921 1569 Negativc,
960 1484 1063 1566 firma
1083 1481 1318 1567 prohibitione

191 1596 373 1682 recipiendi
407 1595 653 1682 eleemosynam
681 1617 748 1682 pro
779 1596 924 1660 secunda
955 1596 1066 1661 missa.
1108 1633 1151 1644 -
1187 1595 1244 1660 Ad
1281 1595 1314 1662 3.

189 1709 372 1800 Negative‚
399 1715 568 1796 quatenus
587 1731 703 1774 curam
722 1708 911 1774 animarum
935 1732 1004 1774 non
1029 1707 1192 1791 habeant,
1213 1711 1316 1794 firma

187 1847 320 1911 semper
339 1825 573 1911 prohibitione
599 1823 779 1910 recipiendi
803 1823 1049 1910 eleemosynam
1075 1846 1142 1909 pro
1170 1823 1315 1888 secunda

189 1939 300 2004 missa.
323 1967 339 2001 ιι
359 1977 403 1988 -
423 1937 516 2017 Quae.
532 1938 691 2002 resolutio
715 1937 804 2002 facta
824 1944 876 2002 est
895 1937 993 2026 quasi
1007 1960 1138 2018 norma,
1157 1936 1314 2024 adquam

187 2060 306 2140 postea
325 2075 394 2117 non
415 2052 522 2118 semel
540 2051 671 2118 remisit
695 2049 730 2118 S.
754 2050 879 2138 Congr.
916 2051 968 2139 (v.
1000 2075 1049 2139 g.,
1074 2050 1109 2114 in
1133 2047 1314 2114 Salaman-

188 2167 271 2251 tina,
289 2167 331 2230 22
347 2165 431 2232 febr.
452 2165 556 2248 1862)
569 2169 591 2248 ¹,
610 2172 667 2231 aut
681 2188 783 2254 quam
798 2171 994 2230 constanter
1008 2164 1187 2254 supposuit
1200 2163 1246 2252 (v.
1261 2188 1310 2250 g.,

186 2281 221 2346 in
240 2281 395 2368 pluribus
414 2282 526 2347 causis
546 2279 633 2347 inira
648 2279 865 2369 referendis).

231 2391 265 2456 5⁰
283 2393 372 2458 Hinc
391 2394 557 2483 paulatim
578 2401 677 2459 enata
696 2401 749 2458 cst
767 2392 989 2475 consuetudo,
1007 2393 1042 2457 in
1058 2391 1168 2474 Italia,
1186 2391 1310 2472 Gallia,

185 2505 366 2594 Hispania,
392 2513 472 2589 etc.‚
500 2529 576 2595 quae
599 2506 670 2571 vim
694 2505 780 2594 legis
802 2505 915 2572 habet.
942 2505 1037 2571 Licet
1061 2507 1152 2571 enim
1172 2504 1312 2595 praefata

183 2619 219 2684 S.
243 2618 368 2706 Congr.
387 2619 530 2686 Concilii
550 2643 712 2708 responsa
732 2643 801 2685 non
820 2620 890 2684 sint
902 2619 1085 2707 generalia,
1103 2643 1166 2684 nec
1186 2619 1311 2683 luerint

66 2752 72 2762 ·
182 2735 414 2822 promulgata,
450 2741 485 2800 et
521 2733 663 2823 proinde
701 2757 742 2799 ex
776 2757 813 2798 se
843 2733 915 2798 vim
941 2733 1029 2821 juris
1062 2756 1130 2796 non
1162 2732 1311 2796 habeant

182 2847 325 2936 (quippe
345 2871 421 2936 quae
440 2848 617 2914 continent
640 2847 955 2935 interpretationem
979 2853 1071 2910 certo
1095 2845 1309 2910 extensivam

181 2961 307 3027 decreti
331 2985 426 3028 conc.
448 2961 572 3043 Tridfl,
595 2967 629 3026 et
648 2961 806 3050 proinde,
824 2959 924 3047 juxta
949 2981 1083 3039 omnes,
1106 2964 1208 3043 egent
1232 2981 1309 3047 pro-

181 3075 422 3164 mulgatione),
451 3082 602 3142 attamen
626 3076 739 3141 locum
764 3082 798 3140 et
820 3073 954 3140 felicem
974 3073 1187 3138 occasionem
1207 3071 1307 3136 dede-

180 3197 261 3255 runt
278 3191 532 3272 consuetudini,
555 3213 631 3279 quae
650 3189 745 3255 nullo
765 3188 928 3277 requisito
948 3194 1054 3270 caret,
1076 3193 1115 3252 ut
1132 3187 1203 3252 vim
1223 3184 1306 3250 obli-

159 3303 282 3390 'gandi
302 3303 437 3370 habeat.
458 3303 557 3370 Unde
577 3303 737 3369 audiendi
752 3325 819 3367 non
840 3308 920 3367 sunt
940 3301 1095 3390 quidam,
1113 3301 1171 3389 qui
1186 3300 1228 3365 de
1241 3300 1305 3365 hac

178 3415 403 3506 prohibitione
419 3417 521 3483 dubie
540 3418 635 3505 loqui
655 3417 829 3499 videntur,
847 3440 881 3483 v.
899 3440 947 3503 g.‚
966 3415 1079 3498 Santi,
1097 3415 1302 3503 caeteroquin

178 3529 413 3614 doctissimus,
440 3531 499 3620 qui
527 3531 574 3596 ait
597 3537 761 3598 tantum:
790 3559 806 3592 ιι
828 3532 892 3613 At,
915 3555 957 3596 ex
981 3538 1090 3595 mente
1116 3551 1298 3611 canonum,

178 3626 311 3710 videtur
326 3669 393 3711 non
403 3668 499 3731 posse
515 3645 878 3732 recipieleemosynam
889 3667 956 3730 pro
970 3644 1115 3708 secunda
1132 3645 1262 3707 missa³.
1284 3666 1298 3703 ι

222 3759 259 3825 6⁰
285 3758 367 3838 Quae
395 3759 621 3840 consuetudo,
652 3766 874 3847 promovente
903 3758 936 3824 S.
969 3758 1097 3845 Congr.
1124 3756 1165 3822 de
1196 3757 1297 3843 Prop.

176 3871 275 3954 Fide,
309 3872 454 3938 invaluit
482 3872 587 3938 etiam
612 3895 673 3961 per
696 3873 769 3938 loca
789 3873 1001 3937 missionum.
1025 3871 1106 3935 Haec
1131 3869 1237 3952 enim,
1264 3869 1299 3932 in

206 4043 215 4076 ¹
235 4042 403 4102 Thesaurus,
419 4045 438 4092 t.
455 4059 529 4104 cxxi,
545 4059 572 4107 p.
587 4049 625 4092 72.

205 4121 216 4157 ²
231 4123 260 4172 C.
275 4123 380 4181 Quanta
393 4137 472 4182 cura,
484 4139 505 4182 ι,
520 4139 586 4173 sess.
603 4123 678 4172 xxn
686 4161 692 4184 ,
707 4124 749 4172 De
759 4113 936 4172 oassnvnnms
948 4138 981 4170 ar
995 4137 1115 4188 virunnis
1131 4136 1154 4169 m
1168 4133 1300 4169 crisann-

173 4217 357 4264 riosamssn,
373 4204 490 4269 §Atque
507 4205 535 4253 nt
553 4204 648 4254 multa.

204 4283 422 4332 ³Praelectiones
431 4283 509 4348 juria
519 4299 589 4344 can,
605 4285 632 4332 in
647 4284 688 4333 tit.
700 4284 739 4334 De
754 4282 853 4333 celebr.
869 4282 951 4341 miss„
964 4298 990 4331 n.
1006 4287 1034 4343 6,
1046 4282 1216 4342 liastmona,
1228 4285 1298 4342 1⁸86,

174 4367 193 4413 l.
211 4379 252 4422 ιιι,
268 4377 295 4425 p.
311 4368 365 4412 359.
