<?xml version="1.0" encoding="UTF-8"?>
<!DOCTYPE html PUBLIC "-//W3C//DTD XHTML 1.0 Transitional//EN"
    "http://www.w3.org/TR/xhtml1/DTD/xhtml1-transitional.dtd">
<html xmlns="http://www.w3.org/1999/xhtml" xml:lang="en" lang="en">
 <head>
  <title>
</title>
<meta http-equiv="Content-Type" content="text/html;charset=utf-8" />
  <meta name='ocr-system' content='tesseract 3.04.00' />
  <meta name='ocr-capabilities' content='ocr_page ocr_carea ocr_par ocr_line ocrx_word'/>
</head>
<body>
  <div class='ocr_page' id='page_1' title='image "./praelectionesde01manygoog_0118.png"; bbox 0 0 3224 5044; ppageno 0'>
   <div class='ocr_carea' id='block_1_1' title="bbox 355 493 1275 548">
    <p class='ocr_par' dir='ltr' id='par_1_1' title="bbox 355 493 1275 548">
     <span class='ocr_line' id='line_1_1' title="bbox 355 493 1275 548; baseline 0.007 -6"><span class='ocrx_word' id='word_1_1' title='bbox 355 493 399 544; x_wconf 84' lang='lat' dir='ltr'>DE</span> <span class='ocrx_word' id='word_1_2' title='bbox 418 493 591 548; x_wconf 77' lang='lat' dir='ltr'>urssnnulu</span> <span class='ocrx_word' id='word_1_3' title='bbox 610 493 842 546; x_wconf 78' lang='lat' dir='ltr'>ELEEMOSINIS</span> <span class='ocrx_word' id='word_1_4' title='bbox 862 495 1073 547; x_wconf 75' lang='lat' dir='ltr'>unnultlsus</span> <span class='ocrx_word' id='word_1_5' title='bbox 1241 496 1275 548; x_wconf 80' lang='lat'>99</span> 
     </span>
    </p>
   </div>
   <div class='ocr_carea' id='block_1_2' title="bbox 75 637 1283 3115">
    <p class='ocr_par' dir='ltr' id='par_1_2' title="bbox 75 637 1278 1740">
     <span class='ocr_line' id='line_1_2' title="bbox 149 637 1275 729; baseline 0.004 -29"><span class='ocrx_word' id='word_1_6' title='bbox 149 659 214 724; x_wconf 91' lang='lat' dir='ltr'>que</span> <span class='ocrx_word' id='word_1_7' title='bbox 247 643 413 702; x_wconf 90' lang='lat' dir='ltr'>terrarum</span> <span class='ocrx_word' id='word_1_8' title='bbox 447 637 648 726; x_wconf 78' lang='lat' dir='ltr'>(excipitur,</span> <span class='ocrx_word' id='word_1_9' title='bbox 682 645 721 703; x_wconf 94' lang='lat' dir='ltr'>ut</span> <span class='ocrx_word' id='word_1_10' title='bbox 758 645 868 727; x_wconf 90' lang='lat' dir='ltr'>patet,</span> <span class='ocrx_word' id='word_1_11' title='bbox 904 639 1077 704; x_wconf 86' lang='lat' dir='ltr'>decretum</span> <span class='ocrx_word' id='word_1_12' title='bbox 1111 639 1147 724; x_wconf 87' lang='lat'>7,</span> <span class='ocrx_word' id='word_1_13' title='bbox 1184 640 1275 729; x_wconf 90' lang='lat' dir='ltr'>quod</span> 
     </span>
     <span class='ocr_line' id='line_1_3' title="bbox 143 749 1276 843; baseline 0.005 -30"><span class='ocrx_word' id='word_1_14' title='bbox 143 771 308 836; x_wconf 73' lang='lat' dir='ltr'>expresse</span> <span class='ocrx_word' id='word_1_15' title='bbox 328 749 544 837; x_wconf 79' lang='lat' dir='ltr'>restringitur</span> <span class='ocrx_word' id='word_1_16' title='bbox 562 750 606 816; x_wconf 91' lang='lat' dir='ltr'>ad</span> <span class='ocrx_word' id='word_1_17' title='bbox 626 751 758 816; x_wconf 90' lang='lat' dir='ltr'>ltaliam</span> <span class='ocrx_word' id='word_1_18' title='bbox 778 760 812 817; x_wconf 89' lang='lat' dir='ltr'>et</span> <span class='ocrx_word' id='word_1_19' title='bbox 831 751 960 818; x_wconf 90' lang='lat' dir='ltr'>insulas</span> <span class='ocrx_word' id='word_1_20' title='bbox 984 752 1208 843; x_wconf 81' lang='lat' dir='ltr'>adjacentes).</span> <span class='ocrx_word' id='word_1_21' title='bbox 1231 765 1276 804; x_wconf 58' lang='lat'>⁴-</span> 
     </span>
     <span class='ocr_line' id='line_1_4' title="bbox 151 861 1275 953; baseline 0.006 -27"><span class='ocrx_word' id='word_1_22' title='bbox 151 862 285 951; x_wconf 84' lang='lat' dir='ltr'>ltaque,</span> <span class='ocrx_word' id='word_1_23' title='bbox 317 863 485 952; x_wconf 90' lang='lat' dir='ltr'>quidquid</span> <span class='ocrx_word' id='word_1_24' title='bbox 509 861 669 930; x_wconf 85' lang='lat' dir='ltr'>dixerunt</span> <span class='ocrx_word' id='word_1_25' title='bbox 695 871 729 930; x_wconf 91' lang='lat' dir='ltr'>et</span> <span class='ocrx_word' id='word_1_26' title='bbox 759 865 878 930; x_wconf 90' lang='lat' dir='ltr'>dicunt</span> <span class='ocrx_word' id='word_1_27' title='bbox 905 865 1056 953; x_wconf 83' lang='lat' dir='ltr'>theologi</span> <span class='ocrx_word' id='word_1_28' title='bbox 1085 866 1127 932; x_wconf 90' lang='lat' dir='ltr'>de</span> <span class='ocrx_word' id='word_1_29' title='bbox 1159 867 1275 934; x_wconf 87' lang='lat' dir='ltr'>valore</span> 
     </span>
     <span class='ocr_line' id='line_1_5' title="bbox 149 975 1275 1068; baseline 0.005 -28"><span class='ocrx_word' id='word_1_30' title='bbox 149 975 283 1040; x_wconf 81' lang='lat' dir='ltr'>infinito</span> <span class='ocrx_word' id='word_1_31' title='bbox 310 977 464 1042; x_wconf 86' lang='lat' dir='ltr'>sacrificii</span> <span class='ocrx_word' id='word_1_32' title='bbox 490 977 623 1060; x_wconf 82' lang='lat' dir='ltr'>missae,</span> <span class='ocrx_word' id='word_1_33' title='bbox 649 977 757 1067; x_wconf 92' lang='lat' dir='ltr'>quod,</span> <span class='ocrx_word' id='word_1_34' title='bbox 783 977 938 1066; x_wconf 91' lang='lat' dir='ltr'>pluribus</span> <span class='ocrx_word' id='word_1_35' title='bbox 961 979 1185 1068; x_wconf 81' lang='lat' dir='ltr'>applicatum,</span> <span class='ocrx_word' id='word_1_36' title='bbox 1207 1005 1275 1046; x_wconf 91' lang='lat' dir='ltr'>non</span> 
     </span>
     <span class='ocr_line' id='line_1_6' title="bbox 149 1090 1276 1180; baseline 0.006 -27"><span class='ocrx_word' id='word_1_37' title='bbox 149 1090 264 1154; x_wconf 92' lang='lat' dir='ltr'>minus</span> <span class='ocrx_word' id='word_1_38' title='bbox 283 1090 428 1180; x_wconf 88' lang='lat' dir='ltr'>singulis</span> <span class='ocrx_word' id='word_1_39' title='bbox 446 1091 569 1179; x_wconf 86' lang='lat' dir='ltr'>prosit,</span> <span class='ocrx_word' id='word_1_40' title='bbox 597 1114 699 1180; x_wconf 86' lang='lat' dir='ltr'>quam</span> <span class='ocrx_word' id='word_1_41' title='bbox 726 1092 755 1156; x_wconf 91' lang='lat' dir='ltr'>si</span> <span class='ocrx_word' id='word_1_42' title='bbox 777 1092 837 1157; x_wconf 92' lang='lat' dir='ltr'>uni</span> <span class='ocrx_word' id='word_1_43' title='bbox 858 1092 1061 1180; x_wconf 83' lang='lat' dir='ltr'>applicetur,</span> <span class='ocrx_word' id='word_1_44' title='bbox 1086 1095 1276 1160; x_wconf 88' lang='lat' dir='ltr'>necessario</span> 
     </span>
     <span class='ocr_line' id='line_1_7' title="bbox 75 1203 1278 1296; baseline 0.005 -29"><span class='ocrx_word' id='word_1_45' title='bbox 75 1289 77 1294; x_wconf 15' lang='lat' dir='ltr'><em>A</em></span> <span class='ocrx_word' id='word_1_46' title='bbox 149 1209 202 1269; x_wconf 88' lang='lat' dir='ltr'>tot</span> <span class='ocrx_word' id='word_1_47' title='bbox 226 1204 339 1269; x_wconf 82' lang='lat' dir='ltr'>missso</span> <span class='ocrx_word' id='word_1_48' title='bbox 365 1203 574 1270; x_wconf 88' lang='lat' dir='ltr'>celebrandae</span> <span class='ocrx_word' id='word_1_49' title='bbox 596 1212 693 1288; x_wconf 89' lang='lat' dir='ltr'>sunt,</span> <span class='ocrx_word' id='word_1_50' title='bbox 720 1212 804 1296; x_wconf 90' lang='lat' dir='ltr'>quot</span> <span class='ocrx_word' id='word_1_51' title='bbox 827 1205 995 1293; x_wconf 82' lang='lat' dir='ltr'>stipendis</span> <span class='ocrx_word' id='word_1_52' title='bbox 1021 1215 1166 1295; x_wconf 88' lang='lat' dir='ltr'>recepta.</span> <span class='ocrx_word' id='word_1_53' title='bbox 1190 1208 1278 1273; x_wconf 92' lang='lat' dir='ltr'>Hinc</span> 
     </span>
     <span class='ocr_line' id='line_1_8' title="bbox 151 1317 1277 1410; baseline 0.004 -28"><span class='ocrx_word' id='word_1_54' title='bbox 151 1317 270 1398; x_wconf 90' lang='lat' dir='ltr'>etiam,</span> <span class='ocrx_word' id='word_1_55' title='bbox 286 1318 453 1406; x_wconf 92' lang='lat' dir='ltr'>quidquid</span> <span class='ocrx_word' id='word_1_56' title='bbox 471 1318 631 1384; x_wconf 85' lang='lat' dir='ltr'>dixerunt</span> <span class='ocrx_word' id='word_1_57' title='bbox 649 1319 772 1409; x_wconf 89' lang='lat' dir='ltr'>aliqui,</span> <span class='ocrx_word' id='word_1_58' title='bbox 789 1343 858 1385; x_wconf 89' lang='lat' dir='ltr'>non</span> <span class='ocrx_word' id='word_1_59' title='bbox 873 1327 987 1408; x_wconf 92' lang='lat' dir='ltr'>potest</span> <span class='ocrx_word' id='word_1_60' title='bbox 1006 1321 1130 1409; x_wconf 86' lang='lat' dir='ltr'>duplex</span> <span class='ocrx_word' id='word_1_61' title='bbox 1150 1322 1277 1410; x_wconf 90' lang='lat' dir='ltr'>stipen-</span> 
     </span>
     <span class='ocr_line' id='line_1_9' title="bbox 152 1431 1278 1523; baseline 0.004 -28"><span class='ocrx_word' id='word_1_62' title='bbox 152 1431 245 1495; x_wconf 89' lang='lat' dir='ltr'>dium</span> <span class='ocrx_word' id='word_1_63' title='bbox 274 1431 394 1520; x_wconf 87' lang='lat' dir='ltr'>recipi,</span> <span class='ocrx_word' id='word_1_64' title='bbox 415 1455 523 1497; x_wconf 91' lang='lat' dir='ltr'>unum</span> <span class='ocrx_word' id='word_1_65' title='bbox 541 1455 603 1520; x_wconf 91' lang='lat' dir='ltr'>pro</span> <span class='ocrx_word' id='word_1_66' title='bbox 632 1432 744 1498; x_wconf 87' lang='lat' dir='ltr'>fructu</span> <span class='ocrx_word' id='word_1_67' title='bbox 771 1434 1020 1520; x_wconf 77' lang='lat' dir='ltr'>impetratorio,</span> <span class='ocrx_word' id='word_1_68' title='bbox 1054 1434 1198 1500; x_wconf 78' lang='lat' dir='ltr'>alterum</span> <span class='ocrx_word' id='word_1_69' title='bbox 1217 1458 1278 1523; x_wconf 92' lang='lat' dir='ltr'>pro</span> 
     </span>
     <span class='ocr_line' id='line_1_10' title="bbox 152 1545 1276 1637; baseline 0.004 -27"><span class='ocrx_word' id='word_1_70' title='bbox 152 1545 265 1610; x_wconf 79' lang='lat' dir='ltr'>[ructu</span> <span class='ocrx_word' id='word_1_71' title='bbox 280 1547 509 1632; x_wconf 75' lang='lat' dir='ltr'>satisfactorie</span> <span class='ocrx_word' id='word_1_72' title='bbox 524 1547 676 1634; x_wconf 89' lang='lat' dir='ltr'>ejusdem</span> <span class='ocrx_word' id='word_1_73' title='bbox 689 1548 818 1630; x_wconf 80' lang='lat' dir='ltr'>missae3</span> <span class='ocrx_word' id='word_1_74' title='bbox 833 1548 884 1613; x_wconf 92' lang='lat' dir='ltr'>uti</span> <span class='ocrx_word' id='word_1_75' title='bbox 904 1548 1088 1613; x_wconf 85' lang='lat' dir='ltr'>declaravit</span> <span class='ocrx_word' id='word_1_76' title='bbox 1102 1547 1136 1614; x_wconf 92' lang='lat' dir='ltr'>S.</span> <span class='ocrx_word' id='word_1_77' title='bbox 1151 1547 1276 1637; x_wconf 85' lang='lat' dir='ltr'>Congr.</span> 
     </span>
     <span class='ocr_line' id='line_1_11' title="bbox 153 1659 613 1740; baseline 0.004 -14"><span class='ocrx_word' id='word_1_78' title='bbox 153 1659 576 1740; x_wconf 77' lang='lat' dir='ltr'>Con0.‚13dec.1659¹.</span> <span class='ocrx_word' id='word_1_79' title='bbox 612 1707 613 1710; x_wconf 56' lang='lat'><em>=</em></span> 
     </span>
    </p>

    <p class='ocr_par' dir='ltr' id='par_1_3' title="bbox 149 1774 1283 3115">
     <span class='ocr_line' id='line_1_12' title="bbox 198 1774 1277 1866; baseline 0.002 -28"><span class='ocrx_word' id='word_1_80' title='bbox 198 1775 232 1838; x_wconf 76' lang='grc' dir='ltr'>2ο</span> <span class='ocrx_word' id='word_1_81' title='bbox 251 1774 465 1840; x_wconf 84' lang='lat' dir='ltr'>Auctoritste</span> <span class='ocrx_word' id='word_1_82' title='bbox 484 1775 677 1841; x_wconf 74' lang='lat' dir='ltr'>Aleaesndri</span> <span class='ocrx_word' id='word_1_83' title='bbox 714 1775 795 1859; x_wconf 89' lang='lat' dir='ltr'>VII,</span> <span class='ocrx_word' id='word_1_84' title='bbox 817 1775 892 1866; x_wconf 93' lang='lat' dir='ltr'>qui,</span> <span class='ocrx_word' id='word_1_85' title='bbox 923 1775 1059 1841; x_wconf 87' lang='lat' dir='ltr'>decreto</span> <span class='ocrx_word' id='word_1_86' title='bbox 1083 1776 1118 1842; x_wconf 89' lang='lat' dir='ltr'>S.</span> <span class='ocrx_word' id='word_1_87' title='bbox 1150 1775 1277 1856; x_wconf 85' lang='lat' dir='ltr'>Officii,</span> 
     </span>
     <span class='ocr_line' id='line_1_13' title="bbox 154 1887 1281 1980; baseline 0.003 -29"><span class='ocrx_word' id='word_1_88' title='bbox 154 1887 328 1953; x_wconf 85' lang='lat' dir='ltr'>damnavit</span> <span class='ocrx_word' id='word_1_89' title='bbox 347 1888 431 1954; x_wconf 84' lang='lat' dir='ltr'>duos</span> <span class='ocrx_word' id='word_1_90' title='bbox 449 1889 712 1977; x_wconf 86' lang='lat' dir='ltr'>propositiones,</span> <span class='ocrx_word' id='word_1_91' title='bbox 735 1913 810 1978; x_wconf 85' lang='lat' dir='ltr'>quse</span> <span class='ocrx_word' id='word_1_92' title='bbox 826 1896 1039 1980; x_wconf 90' lang='lat' dir='ltr'>sequuntur:</span> <span class='ocrx_word' id='word_1_93' title='bbox 1063 1917 1078 1951; x_wconf 80' lang='lat' dir='ltr'>a</span> <span class='ocrx_word' id='word_1_94' title='bbox 1091 1889 1134 1955; x_wconf 58' lang='lat'>,8,</span> <span class='ocrx_word' id='word_1_95' title='bbox 1156 1889 1281 1975; x_wconf 89' lang='lat' dir='ltr'>Dupli-</span> 
     </span>
     <span class='ocr_line' id='line_1_14' title="bbox 153 2003 1281 2089; baseline 0.003 -24"><span class='ocrx_word' id='word_1_96' title='bbox 153 2009 268 2066; x_wconf 85' lang='lat' dir='ltr'>catum</span> <span class='ocrx_word' id='word_1_97' title='bbox 288 2003 496 2088; x_wconf 82' lang='lat' dir='ltr'>stipendium</span> <span class='ocrx_word' id='word_1_98' title='bbox 516 2011 629 2089; x_wconf 87' lang='lat' dir='ltr'>potest</span> <span class='ocrx_word' id='word_1_99' title='bbox 651 2005 805 2068; x_wconf 80' lang='lat' dir='ltr'>sacerdos</span> <span class='ocrx_word' id='word_1_100' title='bbox 830 2025 898 2089; x_wconf 88' lang='lat' dir='ltr'>pro</span> <span class='ocrx_word' id='word_1_101' title='bbox 926 2004 1042 2068; x_wconf 84' lang='lat' dir='ltr'>eadem</span> <span class='ocrx_word' id='word_1_102' title='bbox 1073 2004 1173 2068; x_wconf 85' lang='lat' dir='ltr'>missa</span> <span class='ocrx_word' id='word_1_103' title='bbox 1194 2003 1281 2068; x_wconf 89' lang='lat' dir='ltr'>licite</span> 
     </span>
     <span class='ocr_line' id='line_1_15' title="bbox 152 2116 1281 2205; baseline 0.002 -26"><span class='ocrx_word' id='word_1_104' title='bbox 152 2116 315 2200; x_wconf 78' lang='lat' dir='ltr'>accipere,</span> <span class='ocrx_word' id='word_1_105' title='bbox 338 2116 539 2205; x_wconf 89' lang='lat' dir='ltr'>applicando</span> <span class='ocrx_word' id='word_1_106' title='bbox 564 2117 695 2204; x_wconf 88' lang='lat' dir='ltr'>petenti</span> <span class='ocrx_word' id='word_1_107' title='bbox 718 2123 850 2205; x_wconf 85' lang='lat' dir='ltr'>partem</span> <span class='ocrx_word' id='word_1_108' title='bbox 876 2117 979 2184; x_wconf 85' lang='lat' dir='ltr'>etism</span> <span class='ocrx_word' id='word_1_109' title='bbox 1002 2116 1281 2205; x_wconf 86' lang='lat' dir='ltr'>specialissimam</span> 
     </span>
     <span class='ocr_line' id='line_1_16' title="bbox 154 2227 1282 2320; baseline 0.002 -26"><span class='ocrx_word' id='word_1_110' title='bbox 154 2227 300 2312; x_wconf 82' lang='lat' dir='ltr'>tructus,</span> <span class='ocrx_word' id='word_1_111' title='bbox 326 2231 464 2318; x_wconf 89' lang='lat' dir='ltr'>ipsimet</span> <span class='ocrx_word' id='word_1_112' title='bbox 494 2229 678 2296; x_wconf 87' lang='lat' dir='ltr'>celebranti</span> <span class='ocrx_word' id='word_1_113' title='bbox 703 2229 1040 2319; x_wconf 88' lang='lat' dir='ltr'>correspondentem,</span> <span class='ocrx_word' id='word_1_114' title='bbox 1073 2230 1174 2320; x_wconf 91' lang='lat' dir='ltr'>idque</span> <span class='ocrx_word' id='word_1_115' title='bbox 1204 2237 1282 2320; x_wconf 88' lang='lat' dir='ltr'>post</span> 
     </span>
     <span class='ocr_line' id='line_1_17' title="bbox 154 2343 1282 2432; baseline 0.001 -24"><span class='ocrx_word' id='word_1_116' title='bbox 154 2343 328 2409; x_wconf 89' lang='lat' dir='ltr'>decretum</span> <span class='ocrx_word' id='word_1_117' title='bbox 354 2343 482 2410; x_wconf 89' lang='lat' dir='ltr'>Urbani</span> <span class='ocrx_word' id='word_1_118' title='bbox 502 2343 582 2408; x_wconf 94' lang='lat' dir='ltr'>VIII</span> <span class='ocrx_word' id='word_1_119' title='bbox 597 2347 619 2408; x_wconf 77' lang='lat'>².</span> <span class='ocrx_word' id='word_1_120' title='bbox 642 2383 686 2392; x_wconf 92' lang='lat'>-</span> <span class='ocrx_word' id='word_1_121' title='bbox 707 2345 758 2411; x_wconf 82' lang='lat'>10.</span> <span class='ocrx_word' id='word_1_122' title='bbox 789 2344 865 2410; x_wconf 92' lang='lat' dir='ltr'>Non</span> <span class='ocrx_word' id='word_1_123' title='bbox 891 2350 944 2408; x_wconf 92' lang='lat' dir='ltr'>est</span> <span class='ocrx_word' id='word_1_124' title='bbox 971 2350 1088 2409; x_wconf 91' lang='lat' dir='ltr'>contra</span> <span class='ocrx_word' id='word_1_125' title='bbox 1110 2345 1282 2432; x_wconf 88' lang='lat' dir='ltr'>justitiam</span> 
     </span>
     <span class='ocr_line' id='line_1_18' title="bbox 149 2458 1282 2545; baseline 0.002 -23"><span class='ocrx_word' id='word_1_126' title='bbox 149 2481 217 2545; x_wconf 89' lang='lat' dir='ltr'>pro</span> <span class='ocrx_word' id='word_1_127' title='bbox 232 2458 395 2543; x_wconf 81' lang='lat' dir='ltr'>pluribus</span> <span class='ocrx_word' id='word_1_128' title='bbox 413 2459 588 2544; x_wconf 77' lang='lat' dir='ltr'>sacrificiis</span> <span class='ocrx_word' id='word_1_129' title='bbox 606 2459 814 2544; x_wconf 82' lang='lat' dir='ltr'>stipendium</span> <span class='ocrx_word' id='word_1_130' title='bbox 833 2459 1002 2544; x_wconf 86' lang='lat' dir='ltr'>accipere,</span> <span class='ocrx_word' id='word_1_131' title='bbox 1024 2465 1059 2524; x_wconf 89' lang='lat' dir='ltr'>et</span> <span class='ocrx_word' id='word_1_132' title='bbox 1076 2459 1282 2544; x_wconf 81' lang='lat' dir='ltr'>sacrificium</span> 
     </span>
     <span class='ocr_line' id='line_1_19' title="bbox 155 2572 1283 2662; baseline -0.001 -24"><span class='ocrx_word' id='word_1_133' title='bbox 155 2595 264 2638; x_wconf 87' lang='lat' dir='ltr'>unum</span> <span class='ocrx_word' id='word_1_134' title='bbox 283 2577 406 2658; x_wconf 74' lang='lat' dir='ltr'>offerre</span> <span class='ocrx_word' id='word_1_135' title='bbox 420 2574 442 2639; x_wconf 82' lang='lat'>³.</span> <span class='ocrx_word' id='word_1_136' title='bbox 468 2601 484 2634; x_wconf 83' lang='lat' dir='ltr'>n</span> <span class='ocrx_word' id='word_1_137' title='bbox 505 2573 612 2661; x_wconf 90' lang='lat' dir='ltr'>Ergo,</span> <span class='ocrx_word' id='word_1_138' title='bbox 634 2579 672 2638; x_wconf 92' lang='lat' dir='ltr'>ut</span> <span class='ocrx_word' id='word_1_139' title='bbox 687 2596 729 2637; x_wconf 81' lang='lat' dir='ltr'>ex</span> <span class='ocrx_word' id='word_1_140' title='bbox 748 2573 965 2639; x_wconf 88' lang='lat' dir='ltr'>damnatione</span> <span class='ocrx_word' id='word_1_141' title='bbox 989 2572 1111 2661; x_wconf 88' lang='lat' dir='ltr'>prioris</span> <span class='ocrx_word' id='word_1_142' title='bbox 1130 2573 1283 2662; x_wconf 92' lang='lat' dir='ltr'>proposi-</span> 
     </span>
     <span class='ocr_line' id='line_1_20' title="bbox 153 2685 1282 2775; baseline -0.002 -23"><span class='ocrx_word' id='word_1_143' title='bbox 153 2687 257 2752; x_wconf 93' lang='lat' dir='ltr'>tionis</span> <span class='ocrx_word' id='word_1_144' title='bbox 276 2694 386 2775; x_wconf 86' lang='lat' dir='ltr'>patet,</span> <span class='ocrx_word' id='word_1_145' title='bbox 410 2710 479 2752; x_wconf 90' lang='lat' dir='ltr'>non</span> <span class='ocrx_word' id='word_1_146' title='bbox 506 2693 559 2752; x_wconf 90' lang='lat' dir='ltr'>est</span> <span class='ocrx_word' id='word_1_147' title='bbox 577 2687 710 2752; x_wconf 89' lang='lat' dir='ltr'>licitum</span> <span class='ocrx_word' id='word_1_148' title='bbox 729 2685 884 2751; x_wconf 90' lang='lat' dir='ltr'>eamdem</span> <span class='ocrx_word' id='word_1_149' title='bbox 909 2686 1049 2751; x_wconf 88' lang='lat' dir='ltr'>missam</span> <span class='ocrx_word' id='word_1_150' title='bbox 1068 2710 1128 2775; x_wconf 91' lang='lat' dir='ltr'>pro</span> <span class='ocrx_word' id='word_1_151' title='bbox 1149 2686 1282 2752; x_wconf 92' lang='lat' dir='ltr'>duobus</span> 
     </span>
     <span class='ocr_line' id='line_1_21' title="bbox 153 2799 1282 2890; baseline 0 -25"><span class='ocrx_word' id='word_1_152' title='bbox 153 2800 333 2889; x_wconf 90' lang='lat' dir='ltr'>stipendiis</span> <span class='ocrx_word' id='word_1_153' title='bbox 353 2801 489 2883; x_wconf 87' lang='lat' dir='ltr'>ollerre,</span> <span class='ocrx_word' id='word_1_154' title='bbox 513 2799 714 2890; x_wconf 87' lang='lat' dir='ltr'>applicando</span> <span class='ocrx_word' id='word_1_155' title='bbox 735 2800 795 2865; x_wconf 91' lang='lat' dir='ltr'>uni</span> <span class='ocrx_word' id='word_1_156' title='bbox 815 2800 969 2865; x_wconf 85' lang='lat' dir='ltr'>offerenti</span> <span class='ocrx_word' id='word_1_157' title='bbox 988 2799 1138 2865; x_wconf 84' lang='lat' dir='ltr'>fructum</span> <span class='ocrx_word' id='word_1_158' title='bbox 1156 2801 1282 2886; x_wconf 85' lang='lat' dir='ltr'>specia-</span> 
     </span>
     <span class='ocr_line' id='line_1_22' title="bbox 156 2913 1282 3002; baseline -0.001 -23"><span class='ocrx_word' id='word_1_159' title='bbox 156 2913 240 2998; x_wconf 86' lang='lat' dir='ltr'>lem,</span> <span class='ocrx_word' id='word_1_160' title='bbox 258 2914 355 2980; x_wconf 88' lang='lat' dir='ltr'>alteri</span> <span class='ocrx_word' id='word_1_161' title='bbox 372 2913 520 2979; x_wconf 85' lang='lat' dir='ltr'>fructum</span> <span class='ocrx_word' id='word_1_162' title='bbox 538 2914 833 3000; x_wconf 83' lang='lat' dir='ltr'>specialissimum,</span> <span class='ocrx_word' id='word_1_163' title='bbox 856 2913 1021 3002; x_wconf 91' lang='lat' dir='ltr'>quidquid</span> <span class='ocrx_word' id='word_1_164' title='bbox 1036 2913 1173 2979; x_wconf 89' lang='lat' dir='ltr'>aliunde</span> <span class='ocrx_word' id='word_1_165' title='bbox 1189 2913 1282 2979; x_wconf 87' lang='lat' dir='ltr'>dixe-</span> 
     </span>
     <span class='ocr_line' id='line_1_23' title="bbox 154 3025 1283 3115; baseline 0 -23"><span class='ocrx_word' id='word_1_166' title='bbox 154 3034 235 3092; x_wconf 92' lang='lat' dir='ltr'>runt</span> <span class='ocrx_word' id='word_1_167' title='bbox 263 3027 414 3113; x_wconf 87' lang='lat' dir='ltr'>theologi</span> <span class='ocrx_word' id='word_1_168' title='bbox 444 3027 485 3092; x_wconf 88' lang='lat' dir='ltr'>de</span> <span class='ocrx_word' id='word_1_169' title='bbox 514 3025 758 3093; x_wconf 82' lang='lat' dir='ltr'>alienabilitste</span> <span class='ocrx_word' id='word_1_170' title='bbox 782 3033 840 3092; x_wconf 92' lang='lat' dir='ltr'>aut</span> <span class='ocrx_word' id='word_1_171' title='bbox 871 3025 1152 3092; x_wconf 86' lang='lat' dir='ltr'>inalienabilitate</span> <span class='ocrx_word' id='word_1_172' title='bbox 1182 3026 1283 3115; x_wconf 91' lang='lat' dir='ltr'>hujus</span> 
     </span>
    </p>
   </div>
   <div class='ocr_carea' id='block_1_3' title="bbox 155 3140 575 3229">
    <p class='ocr_par' dir='ltr' id='par_1_4' title="bbox 155 3140 575 3229">
     <span class='ocr_line' id='line_1_24' title="bbox 155 3140 575 3229; baseline 0.002 -23"><span class='ocrx_word' id='word_1_173' title='bbox 155 3141 286 3206; x_wconf 84' lang='lat' dir='ltr'>fructus</span> <span class='ocrx_word' id='word_1_174' title='bbox 302 3140 538 3229; x_wconf 88' lang='lat' dir='ltr'>specialissimi</span> <span class='ocrx_word' id='word_1_175' title='bbox 553 3143 575 3207; x_wconf 80' lang='lat'>⁴.</span> 
     </span>
    </p>
   </div>
   <div class='ocr_carea' id='block_1_4' title="bbox 153 3350 1281 3898">
    <p class='ocr_par' dir='ltr' id='par_1_5' title="bbox 153 3350 1281 3670">
     <span class='ocr_line' id='line_1_25' title="bbox 199 3350 1281 3438; baseline -0.003 -17"><span class='ocrx_word' id='word_1_176' title='bbox 199 3353 267 3421; x_wconf 84' lang='lat'>49.</span> <span class='ocrx_word' id='word_1_177' title='bbox 287 3392 332 3402; x_wconf 91' lang='lat'><em>-</em></span> <span class='ocrx_word' id='word_1_178' title='bbox 355 3353 556 3436; x_wconf 81' lang='lat' dir='ltr'>Quaeritur</span> <span class='ocrx_word' id='word_1_179' title='bbox 583 3350 673 3429; x_wconf 82' lang='lat' dir='ltr'>Quid</span> <span class='ocrx_word' id='word_1_180' title='bbox 698 3353 879 3418; x_wconf 87' lang='lat' dir='ltr'>dicendum</span> <span class='ocrx_word' id='word_1_181' title='bbox 906 3353 935 3417; x_wconf 88' lang='lat' dir='ltr'>si</span> <span class='ocrx_word' id='word_1_182' title='bbox 964 3357 1107 3438; x_wconf 80' lang='lat' dir='ltr'>offerens</span> <span class='ocrx_word' id='word_1_183' title='bbox 1138 3353 1190 3419; x_wconf 83' lang='lat' dir='ltr'>oct</span> <span class='ocrx_word' id='word_1_184' title='bbox 1214 3375 1281 3418; x_wconf 89' lang='lat' dir='ltr'>non</span> 
     </span>
     <span class='ocr_line' id='line_1_26' title="bbox 153 3467 1281 3554; baseline 0 -23"><span class='ocrx_word' id='word_1_185' title='bbox 153 3468 354 3532; x_wconf 86' lang='lat' dir='ltr'>determinet</span> <span class='ocrx_word' id='word_1_186' title='bbox 384 3489 566 3532; x_wconf 89' lang='lat' dir='ltr'>numerum</span> <span class='ocrx_word' id='word_1_187' title='bbox 600 3467 799 3552; x_wconf 86' lang='lat' dir='ltr'>missarum,</span> <span class='ocrx_word' id='word_1_188' title='bbox 831 3467 883 3532; x_wconf 84' lang='lat' dir='ltr'>oct</span> <span class='ocrx_word' id='word_1_189' title='bbox 920 3471 1042 3552; x_wconf 82' lang='lat' dir='ltr'>offerat</span> <span class='ocrx_word' id='word_1_190' title='bbox 1073 3467 1281 3554; x_wconf 88' lang='lat' dir='ltr'>stipendium</span> 
     </span>
     <span class='ocr_line' id='line_1_27' title="bbox 156 3581 656 3670; baseline 0.002 -25"><span class='ocrx_word' id='word_1_191' title='bbox 156 3589 270 3646; x_wconf 77' lang='lat' dir='ltr'>tsaesto</span> <span class='ocrx_word' id='word_1_192' title='bbox 291 3581 461 3666; x_wconf 81' lang='lat' dir='ltr'>inferius?</span> <span class='ocrx_word' id='word_1_193' title='bbox 476 3621 517 3633; x_wconf 96' lang='lat'>-</span> <span class='ocrx_word' id='word_1_194' title='bbox 537 3581 656 3670; x_wconf 84' lang='lat' dir='ltr'>Resp:</span> 
     </span>
    </p>

    <p class='ocr_par' dir='ltr' id='par_1_6' title="bbox 153 3692 1278 3898">
     <span class='ocr_line' id='line_1_28' title="bbox 201 3692 1276 3782; baseline 0 -24"><span class='ocrx_word' id='word_1_195' title='bbox 201 3698 233 3758; x_wconf 91' lang='lat' dir='ltr'>l⁰</span> <span class='ocrx_word' id='word_1_196' title='bbox 261 3695 301 3758; x_wconf 95' lang='lat' dir='ltr'>In</span> <span class='ocrx_word' id='word_1_197' title='bbox 331 3695 433 3782; x_wconf 92' lang='lat' dir='ltr'>priori</span> <span class='ocrx_word' id='word_1_198' title='bbox 460 3701 557 3774; x_wconf 77' lang='lat' dir='ltr'>casu,</span> <span class='ocrx_word' id='word_1_199' title='bbox 590 3694 749 3761; x_wconf 83' lang='lat' dir='ltr'>standum</span> <span class='ocrx_word' id='word_1_200' title='bbox 776 3703 828 3761; x_wconf 93' lang='lat' dir='ltr'>est</span> <span class='ocrx_word' id='word_1_201' title='bbox 855 3717 1010 3781; x_wconf 85' lang='lat' dir='ltr'>responso</span> <span class='ocrx_word' id='word_1_202' title='bbox 1033 3693 1060 3762; x_wconf 70' lang='lat'><strong><em>2</em></strong></span> <span class='ocrx_word' id='word_1_203' title='bbox 1083 3694 1119 3760; x_wconf 92' lang='lat' dir='ltr'>S.</span> <span class='ocrx_word' id='word_1_204' title='bbox 1150 3692 1276 3782; x_wconf 91' lang='lat' dir='ltr'>Congr.</span> 
     </span>
     <span class='ocr_line' id='line_1_29' title="bbox 153 3807 1278 3898; baseline -0.002 -24"><span class='ocrx_word' id='word_1_205' title='bbox 153 3807 258 3874; x_wconf 91' lang='lat' dir='ltr'>Conc.</span> <span class='ocrx_word' id='word_1_206' title='bbox 296 3807 370 3895; x_wconf 85' lang='lat' dir='ltr'>(an.</span> <span class='ocrx_word' id='word_1_207' title='bbox 407 3807 510 3898; x_wconf 81' lang='lat'><strong>1625)</strong></span> <span class='ocrx_word' id='word_1_208' title='bbox 538 3828 545 3874; x_wconf 92' lang='lat'><strong>:</strong></span> <span class='ocrx_word' id='word_1_209' title='bbox 582 3836 598 3871; x_wconf 77' lang='grc' dir='ltr'><strong>α</strong></span> <span class='ocrx_word' id='word_1_210' title='bbox 631 3807 730 3890; x_wconf 90' lang='lat' dir='ltr'>Quod</span> <span class='ocrx_word' id='word_1_211' title='bbox 763 3807 792 3873; x_wconf 92' lang='lat' dir='ltr'>si</span> <span class='ocrx_word' id='word_1_212' title='bbox 825 3807 977 3873; x_wconf 88' lang='lat' dir='ltr'>tribuens</span> <span class='ocrx_word' id='word_1_213' title='bbox 1008 3809 1278 3893; x_wconf 83' lang='lat' dir='ltr'>eleemosynam,</span> 
     </span>
    </p>
   </div>
   <div class='ocr_carea' id='block_1_5' title="bbox 152 3969 1279 4390">
    <p class='ocr_par' dir='ltr' id='par_1_7' title="bbox 152 3969 1279 4130">
     <span class='ocr_line' id='line_1_30' title="bbox 185 3969 1279 4049; baseline -0.002 -15"><span class='ocrx_word' id='word_1_214' title='bbox 185 3985 194 4019; x_wconf 90' lang='lat'>¹</span> <span class='ocrx_word' id='word_1_215' title='bbox 212 3985 289 4035; x_wconf 82' lang='lat' dir='ltr'>Hanc</span> <span class='ocrx_word' id='word_1_216' title='bbox 303 3987 468 4035; x_wconf 87' lang='lat' dir='ltr'>decisionem</span> <span class='ocrx_word' id='word_1_217' title='bbox 487 3987 571 4036; x_wconf 81' lang='lat' dir='ltr'>refert</span> <span class='ocrx_word' id='word_1_218' title='bbox 589 3986 744 4049; x_wconf 82' lang='lat' dir='ltr'>Fagnanus,</span> <span class='ocrx_word' id='word_1_219' title='bbox 765 3989 830 4035; x_wconf 88' lang='lat' dir='ltr'>tunc</span> <span class='ocrx_word' id='word_1_220' title='bbox 844 3987 1005 4035; x_wconf 84' lang='lat' dir='ltr'>secretarius</span> <span class='ocrx_word' id='word_1_221' title='bbox 1025 3969 1146 4049; x_wconf 71' lang='lat' dir='ltr'>eiusdem</span> <span class='ocrx_word' id='word_1_222' title='bbox 1170 3983 1279 4046; x_wconf 81' lang='lat' dir='ltr'>Congr.,</span> 
     </span>
     <span class='ocr_line' id='line_1_31' title="bbox 152 4065 828 4130; baseline -0.001 -16"><span class='ocrx_word' id='word_1_223' title='bbox 152 4067 181 4114; x_wconf 93' lang='lat' dir='ltr'>in</span> <span class='ocrx_word' id='word_1_224' title='bbox 195 4082 219 4115; x_wconf 94' lang='lat' dir='ltr'>c.</span> <span class='ocrx_word' id='word_1_225' title='bbox 235 4065 446 4116; x_wconf 84' lang='lat' dir='ltr'>Fraternitatem</span> <span class='ocrx_word' id='word_1_226' title='bbox 461 4067 498 4130; x_wconf 79' lang='grc'>(3,</span> <span class='ocrx_word' id='word_1_227' title='bbox 512 4065 551 4116; x_wconf 84' lang='lat' dir='ltr'>De</span> <span class='ocrx_word' id='word_1_228' title='bbox 564 4065 729 4130; x_wconf 78' lang='lat' dir='ltr'>sepulturis)</span> <span class='ocrx_word' id='word_1_229' title='bbox 746 4081 771 4115; x_wconf 93' lang='lat' dir='ltr'>n.</span> <span class='ocrx_word' id='word_1_230' title='bbox 788 4071 828 4114; x_wconf 78' lang='lat'>97.</span> 
     </span>
    </p>

    <p class='ocr_par' dir='ltr' id='par_1_8' title="bbox 184 4147 747 4210">
     <span class='ocr_line' id='line_1_32' title="bbox 184 4147 747 4210; baseline -0.002 -15"><span class='ocrx_word' id='word_1_231' title='bbox 184 4148 196 4182; x_wconf 75' lang='lat'>²</span> <span class='ocrx_word' id='word_1_232' title='bbox 209 4147 313 4210; x_wconf 87' lang='lat' dir='ltr'>Nempe</span> <span class='ocrx_word' id='word_1_233' title='bbox 326 4147 482 4210; x_wconf 76' lang='lat' dir='ltr'>supradicta</span> <span class='ocrx_word' id='word_1_234' title='bbox 494 4147 604 4197; x_wconf 85' lang='lat' dir='ltr'>decreta</span> <span class='ocrx_word' id='word_1_235' title='bbox 618 4162 660 4196; x_wconf 88' lang='lat' dir='ltr'>an.</span> <span class='ocrx_word' id='word_1_236' title='bbox 677 4151 747 4196; x_wconf 81' lang='lat'>1625.</span> 
     </span>
    </p>

    <p class='ocr_par' dir='ltr' id='par_1_9' title="bbox 184 4227 1073 4290">
     <span class='ocr_line' id='line_1_33' title="bbox 184 4227 1073 4290; baseline -0.004 -14"><span class='ocrx_word' id='word_1_237' title='bbox 184 4227 352 4276; x_wconf 80' lang='lat' dir='ltr'>³Dsmnstae</span> <span class='ocrx_word' id='word_1_238' title='bbox 367 4230 396 4275; x_wconf 70' lang='lat' dir='ltr'>tt</span> <span class='ocrx_word' id='word_1_239' title='bbox 413 4229 483 4290; x_wconf 90' lang='lat' dir='ltr'>scpt.</span> <span class='ocrx_word' id='word_1_240' title='bbox 500 4232 574 4288; x_wconf 58' lang='lat' dir='ltr'>loom</span> <span class='ocrx_word' id='word_1_241' title='bbox 590 4227 662 4276; x_wconf 87' lang='lat' dir='ltr'>Bott.</span> <span class='ocrx_word' id='word_1_242' title='bbox 680 4241 758 4285; x_wconf 67' lang='lat' dir='ltr'>rom„</span> <span class='ocrx_word' id='word_1_243' title='bbox 773 4229 792 4276; x_wconf 88' lang='lat' dir='ltr'>t.</span> <span class='ocrx_word' id='word_1_244' title='bbox 808 4242 848 4286; x_wconf 87' lang='lat' dir='ltr'>vi,</span> <span class='ocrx_word' id='word_1_245' title='bbox 865 4229 934 4290; x_wconf 81' lang='lat' dir='ltr'>part.</span> <span class='ocrx_word' id='word_1_246' title='bbox 950 4231 977 4286; x_wconf 87' lang='lat'>6,</span> <span class='ocrx_word' id='word_1_247' title='bbox 991 4241 1018 4289; x_wconf 92' lang='lat' dir='ltr'>p.</span> <span class='ocrx_word' id='word_1_248' title='bbox 1035 4229 1073 4274; x_wconf 82' lang='lat'>85.</span> 
     </span>
    </p>

    <p class='ocr_par' dir='ltr' id='par_1_10' title="bbox 184 4306 1036 4390">
     <span class='ocr_line' id='line_1_34' title="bbox 184 4306 1036 4390; baseline -0.002 -34"><span class='ocrx_word' id='word_1_249' title='bbox 184 4309 195 4342; x_wconf 84' lang='lat'><strong>⁴</strong></span> <span class='ocrx_word' id='word_1_250' title='bbox 210 4307 249 4356; x_wconf 84' lang='lat' dir='ltr'>Ci.</span> <span class='ocrx_word' id='word_1_251' title='bbox 265 4309 298 4356; x_wconf 86' lang='lat' dir='ltr'>de</span> <span class='ocrx_word' id='word_1_252' title='bbox 310 4307 463 4367; x_wconf 78' lang='lat' dir='ltr'>BerlendIs,</span> <span class='ocrx_word' id='word_1_253' title='bbox 478 4307 527 4390; x_wconf 62' lang='lat' dir='ltr'>top.</span> <span class='ocrx_word' id='word_1_254' title='bbox 543 4307 600 4365; x_wconf 79' lang='lat' dir='ltr'>cit,</span> <span class='ocrx_word' id='word_1_255' title='bbox 614 4310 684 4370; x_wconf 81' lang='lat' dir='ltr'>port.</span> <span class='ocrx_word' id='word_1_256' title='bbox 701 4306 738 4367; x_wconf 88' lang='lat' dir='ltr'>ll,</span> <span class='ocrx_word' id='word_1_257' title='bbox 755 4312 824 4368; x_wconf 72' lang='lat'>512,</span> <span class='ocrx_word' id='word_1_258' title='bbox 841 4323 866 4356; x_wconf 92' lang='lat' dir='ltr'>n.</span> <span class='ocrx_word' id='word_1_259' title='bbox 884 4313 925 4365; x_wconf 77' lang='lat'>1³,</span> <span class='ocrx_word' id='word_1_260' title='bbox 939 4321 966 4369; x_wconf 89' lang='lat' dir='ltr'>p.</span> <span class='ocrx_word' id='word_1_261' title='bbox 982 4309 1036 4355; x_wconf 76' lang='lat'>⁴61.</span> 
     </span>
    </p>
   </div>
   <div class='ocr_carea' id='block_1_6' title="bbox 0 0 1620 5044">
    <p class='ocr_par' dir='ltr' id='par_1_11' title="bbox 0 0 1620 5044">
     <span class='ocr_line' id='line_1_35' title="bbox 0 0 1620 5044; baseline 0 0"><span class='ocrx_word' id='word_1_262' title='bbox 0 0 1620 5044; x_wconf 95' lang='lat' dir='ltr'> </span> 
     </span>
    </p>
   </div>
  </div>
 </body>
</html>
