3180 5024
508 500 551 550 DE
570 498 684 549 SACRlS
705 499 919 550 UTENSlllBUS
1245 497 1293 548 251

167 645 377 711 consuetudo
402 649 454 709 est
477 642 704 724 rationabilis,
728 643 796 707 imo
815 642 1011 724 laudabilis,
1034 666 1095 707 nec
1119 665 1195 707 eam
1214 641 1298 729 reje-

167 761 213 826 cit
233 760 267 824 in
283 780 406 845 genere
426 759 461 824 S.
480 757 549 822 Rit.
573 757 713 845 Congr„
731 757 765 821 in
786 757 842 822 cit.
861 757 1070 843 Epitanien„
1089 756 1148 821 sed
1164 761 1297 821 tantum

166 872 377 939 individuam
408 871 590 959 allegatam
620 870 898 936 consuetudinem
928 870 1190 936 insufficientem
1221 891 1297 932 cen-

167 989 247 1053 suit.
271 987 352 1052 Haec
372 985 580 1050 consuetudo
600 986 745 1050 existere
764 984 899 1050 videtur
918 985 953 1051 in
973 985 1099 1052 Gallia.
1122 984 1242 1048 saltem
1263 983 1295 1048 in

167 1101 287 1167 multis
307 1101 403 1166 locis

214 1350 308 1418 136.
325 1388 369 1398 -
384 1351 492 1418 'roxa
510 1347 743 1418 utensilium
763 1349 894 1437 quoad
913 1349 1057 1417 missas
1077 1345 1296 1415 manuales.

165 1503 210 1514 -
231 1464 311 1528 Haec
331 1463 499 1529 dicenda:

214 1578 248 1642 l⁰
263 1578 300 1642 Si
317 1583 426 1642 rector
441 1584 499 1642 aut
513 1578 804 1642 administratores
824 1576 963 1640 ecclesiae
984 1575 1046 1660 ipsi
1068 1573 1299 1638 sacerdotibus

167 1693 381 1758 committant
402 1693 518 1756 missas
538 1691 772 1773 celebrandas,
795 1689 1039 1754 nihilomnino
1054 1695 1199 1774 possunt
1219 1687 1297 1750 retiss

168 1829 246 1871 nere
272 1806 312 1870 de
342 1806 517 1891 stipendiis
545 1805 696 1888 traditis,
726 1805 755 1868 si
781 1805 914 1868 ecclesia
937 1803 1143 1888 sufficientes
1169 1801 1298 1864 reditus

168 1921 310 2002 babeat;
329 1921 358 1984 si
377 1942 454 1984 vero
473 1920 606 1984 ecclesia
626 1920 670 1983 sit
684 1941 829 2004 pauper,
848 1925 991 2002 possunt
1005 1916 1297 1981 administratores

167 2036 312 2099 retinere
327 2041 462 2120 partem
480 2034 637 2120 impensis
655 2033 888 2097 celebrationis
906 2030 1231 2116 correspondentem.
1254 2065 1297 2076 —

167 2147 312 2214 Constat
339 2154 519 2235 utrumque
558 2169 599 2212 ex
638 2147 802 2233 responsis
839 2147 881 2210 ad
919 2145 1053 2211 decreta
1095 2167 1150 2208 an.
1192 2141 1294 2226 1625,

167 2286 290 2351 nempe
315 2285 476 2350 responso
497 2263 542 2328 l:
568 2289 582 2318 u
610 2261 800 2348 Respondit
824 2259 1090 2348 permittendum
1115 2247 1182 2322 non
1203 2279 1294 2337 esse,

166 2385 205 2442 ut
233 2376 384 2442 ecclesian
413 2399 451 2440 ac
480 2376 554 2441 loca
583 2375 638 2464 pia
667 2398 727 2440 seu
756 2375 891 2440 illorum
918 2373 1225 2454 administratores,
1256 2393 1298 2434 ea

167 2491 386 2575 eleemosynis
422 2489 603 2553 missarum
638 2489 918 2553 celebrandarum
954 2487 1077 2568 ullam,
1100 2481 1298 2570 ¹utcumque

171 2605 364 2685 minimam,
387 2603 579 2688 portionem
605 2603 788 2684 retineant,
811 2602 939 2665 ratione
963 2622 1188 2684 expensarum
1212 2619 1302 2683 quas·

157 2719 315 2783 subeunt
332 2719 366 2781 in
387 2717 568 2782 missarum
588 2717 825 2798 celebratione,
844 2716 908 2779 nisi
922 2737 999 2779 cum
1015 2714 1154 2777 ecclesiae
1173 2721 1205 2776 ct
1227 2712 1296 2775 loca

164 2835 223 2919 pia
255 2832 338 2897 alios
364 2853 430 2896 non
462 2831 587 2896 babent
619 2831 762 2912 reditus,
797 2851 881 2916 quos
911 2828 946 2890 in
976 2849 1075 2891 usum
1104 2823 1297 2890 earumdem

169 2969 394 3034 expensarum
418 2967 556 3031 erogare
580 2944 670 3009 licite
694 2943 841 3030 possint;
869 2949 903 3006 et
925 2949 1022 3022 tunc,
1049 2961 1149 3028 quam
1174 2937 1298 3026 portio-

170 3083 249 3126 nem
263 3058 473 3141 retinebunt‚
492 3059 686 3124 nullatcnus
701 3057 820 3122 debere
839 3056 995 3120 concedere
1013 3053 1161 3118 valorem
1180 3074 1298 3136 expen-

168 3195 302 3255 sarum,
319 3195 394 3259 quae
408 3195 476 3258 pro
496 3173 635 3257 ipsomet
656 3178 789 3235 tantum
810 3171 915 3235 missae.
934 3169 1097 3254 sacrificio
1118 3167 1299 3232 necessario

168 3295 249 3352 sunt
260 3287 461 3368 subeundae;
471 3293 506 3351 et
520 3285 739 3350 nihilominus
752 3307 791 3350 eo
807 3285 907 3350 etiam
919 3307 998 3348 casu
1009 3282 1194 3348 curandum
1209 3302 1296 3360 esse,

169 3407 208 3466 ut
226 3424 268 3465 ex
286 3401 438 3489 pecuniis
458 3423 533 3488 quae
553 3405 750 3488 supersunt,
773 3398 930 3486 expensis
949 3405 986 3463 ul
1006 3421 1107 3486 supra
1127 3395 1292 3473 deductis

170 3514 325 3580 absolute
340 3521 391 3581 tot
411 3515 523 3579 misem
543 3513 768 3595 celebrentur,
791 3520 873 3601 quot
892 3513 1097 3600 praescriptae
1117 3511 1241 3575 fuerint
1257 3507 1299 3572 ab

170 3627 391 3696 offerentibus
422 3629 688 3715 eleemosynas¹.
718 3655 733 3688 n
764 3627 861 3694 Unde
891 3633 1000 3714 patet,
1032 3625 1061 3688 si
1090 3623 1231 3689 ecclesia
1255 3621 1299 3685 sit

170 3766 309 3832 pauper,
340 3742 631 3808 administratores
655 3764 723 3806 non
749 3763 849 3828 posse
873 3739 1016 3804 retinere
1042 3737 1108 3802 nisi
1133 3735 1224 3824 quod
1246 3757 1298 3800 re-

172 3857 316 3946 spondet
349 3857 512 3946 impensis
545 3857 652 3943 ipsius
684 3854 853 3936 sacrificii,
893 3876 962 3918 non
999 3875 1077 3916 vero
1114 3849 1298 3938 quidquam

171 3994 272 4060 posse
291 3971 435 4037 retinere
455 3993 515 4058 pro
534 3968 721 4057 reparanda
740 3974 797 4034 aut
817 3965 966 4032 ornanda
985 3965 1139 4031 ecclesia.

217 4086 253 4148 2⁰
283 4084 318 4150 Si
349 4071 639 4151 administratores
674 4082 786 4148 nullas
819 4078 1050 4146 sacerdotibus
1083 4077 1299 4142 committant

204 4308 213 4342 ¹
231 4306 302 4356 Bull.
315 4321 392 4364 rom„
404 4309 424 4355 t.
440 4322 479 4364 rx,
491 4321 517 4370 p.
533 4309 576 4355 let
585 4342 591 4362 ‚
601 4307 643 4355 vel
654 4306 686 4354 ad
700 4304 802 4353 calcem
813 4303 893 4367 liujus
905 4301 1063 4358 voluminis,
1075 4301 1265 4350 documentum
1278 4299 1298 4348 1.
