3224 5044
315 479 365 534 tte
798 480 842 530 DE
861 478 959 530 iussn

313 625 392 714 quia
406 623 539 712 justitia
562 622 768 688 reductionis
793 646 835 687 ex
863 621 1068 711 quibusdam
1096 623 1221 711 pendet
1246 623 1301 712 (v.
1324 649 1374 712 g.,
1401 647 1445 690 ex

312 737 464 805 absentia
487 735 596 824 oulpee
620 737 805 802 Rectorum
829 735 980 802 ecclesiae
1003 737 1060 803 vel
1083 737 1232 802 instituti
1258 736 1295 802 in
1318 737 1445 826 deper-

311 852 392 918 ditis
424 851 558 936 bonis),
591 850 633 916 de
667 850 791 940 quibus
817 849 970 940 judicare
1008 857 1182 939 nequeunt
1220 851 1255 915 hi
1294 875 1444 940 quorum

310 963 463 1031 interest.

354 1103 383 1146 c.
405 1079 475 1146 Nec
495 1077 608 1144 obstat
623 1077 828 1165 generalitas
851 1075 1033 1143 verborum
1053 1078 1111 1144 cit.
1133 1079 1258 1144 decreti
1277 1078 1318 1162 1‚·
1333 1101 1440 1147 nam:

311 1193 342 1260 1.
376 1195 458 1260 Hero
487 1192 680 1258 imminutio
713 1191 756 1256 de
788 1214 855 1280 qua
888 1191 1075 1280 loquimur,
1111 1215 1179 1256 non
1213 1199 1265 1257 est
1302 1195 1443 1282 proprie

310 1308 481 1392 reductio,·
504 1307 592 1372 siout
616 1305 722 1387 enim,
750 1304 887 1394 quando
911 1313 982 1370 tota
1006 1306 1069 1372 dos
1093 1306 1196 1394 perit,
1219 1329 1289 1372 non
1312 1307 1442 1373 dicitur

307 1423 420 1489 oneris
444 1421 611 1502 reductio,
638 1419 698 1485 sed
722 1422 900 1505 estinctio,
922 1419 986 1503 ita,
1008 1421 1043 1485 in
1067 1443 1148 1486 casu
1167 1422 1344 1510 praesenti,
1367 1445 1439 1487 non

306 1542 359 1602 est
375 1536 510 1624 proprie
530 1535 642 1599 oneris
661 1534 826 1616 reductio,
849 1535 909 1600 sed
927 1535 1000 1623 ejus
1018 1536 1179 1600 extinctio
1193 1537 1371 1621 periistis,
1395 1559 1439 1601 ex

305 1671 417 1715 rerum
450 1655 572 1714 natura
600 1656 692 1729 orta3
732 1689 776 1699 —
813 1649 846 1715 2.
886 1649 982 1715 Siout
1019 1650 1225 1736 generalitas
1250 1649 1438 1716 verborum

304 1764 430 1830 decreti
454 1762 471 1830 1
493 1785 561 1828 non
581 1763 741 1850 impedit,
759 1764 794 1827 in
814 1787 895 1829 casu
914 1787 1015 1852 supra
1035 1764 1142 1829 relato
1161 1763 1216 1853 (n.
1239 1764 1326 1847 ⁷5),
1350 1766 1436 1852 quin

304 1879 493 1968 Episcopus
518 1877 657 1943 reducat
681 1900 768 1943 onus
788 1877 986 1958 missarum,
1008 1877 1200 1944 reducendo
1219 1886 1436 1944 contractum

303 1994 346 2060 ad
365 2017 519 2059 normam
538 1991 720 2080 inquitatis,
741 1991 789 2056 ita
804 2015 867 2056 nec
888 1992 922 2056 in
941 2015 1022 2057 casu
1041 1992 1216 2081 praesenti;
1239 2031 1283 2044 -
1302 1993 1334 2058 3.
1359 1995 1437 2059 Hoc

301 2110 474 2172 decretum
491 2105 509 2172 1
523 2105 675 2172 strictam
691 2106 839 2194 recipere
852 2105 953 2172 debet
966 2107 1294 2196 interpretationem,
1305 2109 1436 2196 quippe

301 2219 392 2308 quod
423 2220 563 2306 deroget
589 2219 659 2306 juri
688 2219 878 2301 communi;
909 2219 1009 2307 juxta
1033 2221 1124 2285 enim
1146 2221 1204 2309 jus
1230 2244 1432 2304 commune,

300 2332 489 2422 Episcopus
508 2337 634 2420 potest,
657 2355 726 2397 non
746 2334 884 2421 quidem
904 2341 1113 2399 commutare
1122 2333 1263 2400 ultimas
1277 2334 1433 2400 fidelium

299 2447 511 2528 voluntateS,
534 2445 625 2534 quod
645 2453 698 2511 est
718 2446 797 2512 Sedi
819 2448 1014 2536 apostolicis
1034 2454 1245 2514 reservatum
1265 2447 1314 2535 (c.
1343 2447 1432 2526 Quia

299 2562 481 2648 continpit,
503 2561 542 2640 2,
566 2561 617 2626 Du
637 2580 810 2628 nemorosis
835 2583 989 2644 somnus,
1012 2562 1148 2650 Clem.),
1170 2569 1205 2627 at
1229 2562 1353 2628 saltem
1373 2587 1435 2629 eas

299 2675 530 2764 interpretari,
552 2675 689 2763 quando
704 2699 772 2740 non
790 2683 935 2765 possunt
953 2675 1133 2765 adimpleri
1152 2677 1193 2740 dc
1205 2679 1291 2763 jure
1310 2685 1371 2743 aut
1388 2679 1432 2742 de

297 2795 390 2876 fecto
411 2791 459 2878 (o.
482 2791 554 2855 Nos
572 2790 727 2877 quidem,
746 2789 778 2871 3,
797 2791 848 2854 De
865 2790 1109 2878 resrnunurrs).
1129 2789 1172 2856 Et
1191 2791 1262 2856 haec
1283 2790 1432 2857 facultas

299 2904 458 2993 Episcopi
483 2903 679 2970 extenditur
702 2903 805 2967 etiam
825 2903 867 2968 ad
887 2903 1027 2986 missas,
1054 2904 1150 2992 quie,
1174 2905 1209 2968 in
1231 2905 1309 2992 jure
1333 2929 1432 2970 com-

299 3017 410 3101 muni,
432 3017 527 3083 nulla
551 3019 589 3082 fit
608 3015 792 3081 distinctio.
816 3016 902 3081 Cum
921 3039 1002 3105 ergo
1021 3019 1195 3084 decretum
1217 3018 1236 3086 1
1258 3019 1339 3084 huic
1358 3019 1430 3107 juri

299 3131 470 3196 communi
492 3131 648 3216 deroget,
663 3137 702 3195 ut
713 3136 808 3218 patet
825 3153 867 3196 ex
884 3129 957 3219 ejus
972 3137 1089 3196 tenore
1106 3139 1141 3197 et
1158 3155 1200 3196 ex
1214 3153 1373 3217 responso
1392 3131 1430 3216 1,

299 3243 449 3309 strictius
464 3242 610 3330 intelligi
628 3243 745 3325 debet,
772 3267 834 3310 nec
854 3243 991 3310 extendi
1014 3244 1058 3312 ad
1081 3267 1120 3311 ee
1144 3269 1220 3334 quae
1243 3269 1311 3311 non
1335 3247 1432 3312 clare

299 3357 464 3422 continet.
547 3427 549 3432 ,

343 3471 377 3536 d.
399 3469 470 3536 Nec
489 3469 620 3536 dicatur
644 3471 784 3536 indulte
808 3471 989 3557 apostolice
1013 3471 1220 3538 reductionis
1244 3473 1430 3538 missarum

298 3608 489 3677 supponere
514 3584 638 3672 saepius
662 3585 791 3650 reditus
811 3585 1026 3669 imminutos,
1048 3591 1082 3652 et
1101 3587 1244 3676 proinde
1269 3587 1311 3653 R.
1334 3587 1431 3652 Pon-

297 3701 423 3769 tificem
447 3701 577 3766 nullam
600 3699 702 3788 hujus
727 3699 896 3788 opinionis
916 3699 1039 3766 habere
1058 3701 1236 3768 rationem.
1258 3740 1302 3750 —
1322 3702 1426 3784 Nam,

297 3817 331 3883 in
351 3817 451 3883 rebus
470 3813 711 3895 controversis,
732 3835 820 3902 saepe
841 3815 1073 3880 conceduntur
1091 3815 1224 3881 indulta
1242 3815 1285 3882 ad
1305 3839 1428 3904 pacem

296 3931 597 4010 conscientiarum,
619 3935 778 3994 eaeterum
797 3927 869 3992 heco
893 3928 1029 3994 Indulta
1048 3952 1116 3994 non
1136 3929 1275 4017 praecise
1295 3953 1428 4020 suppo-

295 4053 382 4113 nunt
411 4043 541 4111 reditus
569 4041 783 4124 imminutos,
817 4041 877 4106 sed
910 4043 1024 4130 potius
1056 4042 1259 4109 abstrahunt
1285 4043 1329 4109 ab
1360 4045 1426 4111 hae

294 4159 547 4241 imminutione,
569 4157 712 4243 ideoque
732 4155 922 4220 concedunt
941 4155 1012 4220 tisri
1031 4156 1265 4222 reductionem
1290 4164 1424 4224 attenta

294 4273 483 4362 quantitate
503 4269 661 4361 proesenti
680 4269 867 4350 redituum,
894 4269 966 4336 sive
986 4269 1112 4337 fuerint
1130 4269 1227 4336 initio
1247 4270 1425 4338 sufficien-
