<?xml version="1.0" encoding="UTF-8"?>
<!DOCTYPE html PUBLIC "-//W3C//DTD XHTML 1.0 Transitional//EN"
    "http://www.w3.org/TR/xhtml1/DTD/xhtml1-transitional.dtd">
<html xmlns="http://www.w3.org/1999/xhtml" xml:lang="en" lang="en">
 <head>
  <title>
</title>
<meta http-equiv="Content-Type" content="text/html;charset=utf-8" />
  <meta name='ocr-system' content='tesseract 3.04.00' />
  <meta name='ocr-capabilities' content='ocr_page ocr_carea ocr_par ocr_line ocrx_word'/>
</head>
<body>
  <div class='ocr_page' id='page_1' title='image "./praelectionesde01manygoog_0228.png"; bbox 0 0 3180 5024; ppageno 0'>
   <div class='ocr_carea' id='block_1_1' title="bbox 516 506 1285 560">
    <p class='ocr_par' dir='ltr' id='par_1_1' title="bbox 516 506 1285 560">
     <span class='ocr_line' id='line_1_1' title="bbox 516 506 1285 560; baseline 0.005 -4"><span class='ocrx_word' id='word_1_1' title='bbox 516 507 560 556; x_wconf 85' lang='lat' dir='ltr'><strong>DE</strong></span> <span class='ocrx_word' id='word_1_2' title='bbox 579 506 695 558; x_wconf 78' lang='lat' dir='ltr'><strong>snculs</strong></span> <span class='ocrx_word' id='word_1_3' title='bbox 715 507 929 559; x_wconf 79' lang='lat' dir='ltr'><strong>UTENSILIBUS</strong></span> <span class='ocrx_word' id='word_1_4' title='bbox 1232 507 1285 560; x_wconf 77' lang='lat'><strong>209</strong></span> 
     </span>
    </p>
   </div>
   <div class='ocr_carea' id='block_1_2' title="bbox 161 651 1293 2449">
    <p class='ocr_par' dir='ltr' id='par_1_2' title="bbox 161 651 1292 2106">
     <span class='ocr_line' id='line_1_2' title="bbox 161 651 1285 740; baseline 0.001 -24"><span class='ocrx_word' id='word_1_5' title='bbox 161 652 368 734; x_wconf 85' lang='lat' dir='ltr'><strong>inauratam,</strong></span> <span class='ocrx_word' id='word_1_6' title='bbox 389 657 424 716; x_wconf 89' lang='lat' dir='ltr'><strong>et</strong></span> <span class='ocrx_word' id='word_1_7' title='bbox 443 651 545 715; x_wconf 91' lang='lat' dir='ltr'><strong>simul</strong></span> <span class='ocrx_word' id='word_1_8' title='bbox 565 673 642 716; x_wconf 87' lang='lat' dir='ltr'><strong>cum</strong></span> <span class='ocrx_word' id='word_1_9' title='bbox 661 659 797 740; x_wconf 90' lang='lat' dir='ltr'><strong>patena,</strong></span> <span class='ocrx_word' id='word_1_10' title='bbox 822 652 939 717; x_wconf 89' lang='lat' dir='ltr'><strong>itidem</strong></span> <span class='ocrx_word' id='word_1_11' title='bbox 959 652 1128 734; x_wconf 88' lang='lat' dir='ltr'><strong>inaurata,</strong></span> <span class='ocrx_word' id='word_1_12' title='bbox 1150 652 1192 718; x_wconf 89' lang='lat' dir='ltr'><strong>ab</strong></span> <span class='ocrx_word' id='word_1_13' title='bbox 1209 653 1285 740; x_wconf 88' lang='lat' dir='ltr'><strong>Epi-</strong></span> 
     </span>
     <span class='ocr_line' id='line_1_3' title="bbox 162 763 1286 853; baseline 0 -23"><span class='ocrx_word' id='word_1_14' title='bbox 162 787 264 853; x_wconf 82' lang='lat' dir='ltr'>scopo</span> <span class='ocrx_word' id='word_1_15' title='bbox 284 767 501 829; x_wconf 75' lang='lat' dir='ltr'><strong>consecratus</strong></span> <span class='ocrx_word' id='word_1_16' title='bbox 525 791 553 829; x_wconf 73' lang='lat' dir='ltr'><strong>a.</strong></span> <span class='ocrx_word' id='word_1_17' title='bbox 577 763 627 830; x_wconf 89' lang='lat' dir='ltr'><strong>lta</strong></span> <span class='ocrx_word' id='word_1_18' title='bbox 646 787 804 853; x_wconf 89' lang='lat' dir='ltr'><strong>expresse</strong></span> <span class='ocrx_word' id='word_1_19' title='bbox 819 765 959 852; x_wconf 87' lang='lat' dir='ltr'><strong>jubetur</strong></span> <span class='ocrx_word' id='word_1_20' title='bbox 978 766 1012 830; x_wconf 92' lang='lat' dir='ltr'><strong>in</strong></span> <span class='ocrx_word' id='word_1_21' title='bbox 1028 766 1186 830; x_wconf 78' lang='lat' dir='ltr'><strong>Rubricia</strong></span> <span class='ocrx_word' id='word_1_22' title='bbox 1206 768 1286 831; x_wconf 80' lang='lat' dir='ltr'><strong>mis-</strong></span> 
     </span>
     <span class='ocr_line' id='line_1_4' title="bbox 162 877 1286 968; baseline 0 -24"><span class='ocrx_word' id='word_1_23' title='bbox 162 880 258 962; x_wconf 76' lang='lat' dir='ltr'><strong>salis,</strong></span> <span class='ocrx_word' id='word_1_24' title='bbox 276 901 355 966; x_wconf 91' lang='lat' dir='ltr'><strong>pars</strong></span> <span class='ocrx_word' id='word_1_25' title='bbox 369 877 399 942; x_wconf 89' lang='lat' dir='ltr'><strong>II</strong></span> <span class='ocrx_word' id='word_1_26' title='bbox 416 877 534 964; x_wconf 81' lang='lat' dir='ltr'><strong>(Ritus</strong></span> <span class='ocrx_word' id='word_1_27' title='bbox 543 878 762 968; x_wconf 82' lang='lat' dir='ltr'><strong>seruandus),</strong></span> <span class='ocrx_word' id='word_1_28' title='bbox 778 879 831 945; x_wconf 91' lang='lat' dir='ltr'><strong>tit.</strong></span> <span class='ocrx_word' id='word_1_29' title='bbox 847 901 873 958; x_wconf 87' lang='lat'><strong>1,</strong></span> <span class='ocrx_word' id='word_1_30' title='bbox 892 903 925 946; x_wconf 92' lang='lat' dir='ltr'><strong>n.</strong></span> <span class='ocrx_word' id='word_1_31' title='bbox 946 882 977 946; x_wconf 85' lang='lat' dir='ltr'><strong>t.</strong></span> <span class='ocrx_word' id='word_1_32' title='bbox 993 879 1114 946; x_wconf 90' lang='lat' dir='ltr'><strong>Unde:</strong></span> <span class='ocrx_word' id='word_1_33' title='bbox 1135 882 1166 944; x_wconf 84' lang='lat' dir='ltr'><strong>t.</strong></span> <span class='ocrx_word' id='word_1_34' title='bbox 1184 879 1286 944; x_wconf 90' lang='lat' dir='ltr'><strong>Modo</strong></span> 
     </span>
     <span class='ocr_line' id='line_1_5' title="bbox 163 993 1286 1081; baseline -0.001 -23"><span class='ocrx_word' id='word_1_35' title='bbox 163 1016 272 1081; x_wconf 88' lang='lat' dir='ltr'><strong>cuppa</strong></span> <span class='ocrx_word' id='word_1_36' title='bbox 303 993 347 1058; x_wconf 89' lang='lat' dir='ltr'><strong>sit</strong></span> <span class='ocrx_word' id='word_1_37' title='bbox 380 1000 539 1078; x_wconf 70' lang='lat' dir='ltr'><strong>argentea</strong></span> <span class='ocrx_word' id='word_1_38' title='bbox 572 993 745 1076; x_wconf 86' lang='lat' dir='ltr'><strong>inaurata,</strong></span> <span class='ocrx_word' id='word_1_39' title='bbox 780 1016 841 1081; x_wconf 85' lang='lat' dir='ltr'><strong>pes</strong></span> <span class='ocrx_word' id='word_1_40' title='bbox 869 993 983 1058; x_wconf 88' lang='lat' dir='ltr'><strong>caliois</strong></span> <span class='ocrx_word' id='word_1_41' title='bbox 1003 999 1115 1081; x_wconf 87' lang='lat' dir='ltr'><strong>potest</strong></span> <span class='ocrx_word' id='word_1_42' title='bbox 1142 1015 1217 1058; x_wconf 91' lang='lat' dir='ltr'><strong>esse</strong></span> <span class='ocrx_word' id='word_1_43' title='bbox 1247 1015 1286 1057; x_wconf 87' lang='lat' dir='ltr'><strong>ex</strong></span> 
     </span>
     <span class='ocr_line' id='line_1_6' title="bbox 162 1105 1285 1194; baseline -0.002 -22"><span class='ocrx_word' id='word_1_44' title='bbox 162 1129 244 1189; x_wconf 72' lang='lat' dir='ltr'><strong>rere,</strong></span> <span class='ocrx_word' id='word_1_45' title='bbox 269 1105 477 1185; x_wconf 86' lang='lat' dir='ltr'><strong>aurichalco,</strong></span> <span class='ocrx_word' id='word_1_46' title='bbox 507 1113 646 1186; x_wconf 88' lang='lat' dir='ltr'><strong>stanno,</strong></span> <span class='ocrx_word' id='word_1_47' title='bbox 671 1107 828 1194; x_wconf 90' lang='lat' dir='ltr'><strong>plumbo,</strong></span> <span class='ocrx_word' id='word_1_48' title='bbox 846 1113 933 1186; x_wconf 86' lang='lat' dir='ltr'><strong>etc.;</strong></span> <span class='ocrx_word' id='word_1_49' title='bbox 950 1147 994 1157; x_wconf 91' lang='lat'>-</span> <span class='ocrx_word' id='word_1_50' title='bbox 1006 1107 1038 1172; x_wconf 84' lang='lat'><strong>2.</strong></span> <span class='ocrx_word' id='word_1_51' title='bbox 1062 1108 1142 1172; x_wconf 79' lang='lat' dir='ltr'><strong>Haec</strong></span> <span class='ocrx_word' id='word_1_52' title='bbox 1159 1106 1285 1172; x_wconf 88' lang='lat' dir='ltr'><strong>verba:</strong></span> 
     </span>
     <span class='ocr_line' id='line_1_7' title="bbox 165 1217 1292 1318; baseline -0.004 -36"><span class='ocrx_word' id='word_1_53' title='bbox 165 1248 180 1282; x_wconf 78' lang='lat' dir='ltr'><strong>a</strong></span> <span class='ocrx_word' id='word_1_54' title='bbox 204 1227 263 1285; x_wconf 87' lang='lat' dir='ltr'><strong>aut</strong></span> <span class='ocrx_word' id='word_1_55' title='bbox 282 1220 404 1285; x_wconf 88' lang='lat' dir='ltr'><strong>saltem</strong></span> <span class='ocrx_word' id='word_1_56' title='bbox 423 1217 547 1284; x_wconf 87' lang='lat' dir='ltr'><strong>habere</strong></span> <span class='ocrx_word' id='word_1_57' title='bbox 567 1243 712 1306; x_wconf 85' lang='lat' dir='ltr'><strong>cuppam</strong></span> <span class='ocrx_word' id='word_1_58' title='bbox 727 1229 923 1306; x_wconf 71' lang='lat' dir='ltr'><strong>argenteam</strong></span> <span class='ocrx_word' id='word_1_59' title='bbox 939 1221 1029 1286; x_wconf 81' lang='lat' dir='ltr'><strong>intua</strong></span> <span class='ocrx_word' id='word_1_60' title='bbox 1045 1221 1250 1302; x_wconf 76' lang='lat' dir='ltr'><em>inauratam,</em></span> <span class='ocrx_word' id='word_1_61' title='bbox 1272 1247 1292 1318; x_wconf 82' lang='grc'><strong>»1</strong></span> 
     </span>
     <span class='ocr_line' id='line_1_8' title="bbox 164 1334 1289 1422; baseline -0.002 -24"><span class='ocrx_word' id='word_1_62' title='bbox 164 1335 198 1400; x_wconf 90' lang='lat' dir='ltr'><strong>in</strong></span> <span class='ocrx_word' id='word_1_63' title='bbox 219 1334 282 1399; x_wconf 90' lang='lat' dir='ltr'><strong>hoc</strong></span> <span class='ocrx_word' id='word_1_64' title='bbox 307 1356 409 1398; x_wconf 91' lang='lat' dir='ltr'><strong>sensu</strong></span> <span class='ocrx_word' id='word_1_65' title='bbox 429 1334 694 1422; x_wconf 73' lang='lat' dir='ltr'><strong>interpretantur</strong></span> <span class='ocrx_word' id='word_1_66' title='bbox 717 1357 851 1416; x_wconf 75' lang='lat' dir='ltr'><strong>omneS,</strong></span> <span class='ocrx_word' id='word_1_67' title='bbox 873 1341 911 1399; x_wconf 90' lang='lat' dir='ltr'><strong>ut</strong></span> <span class='ocrx_word' id='word_1_68' title='bbox 930 1335 1064 1422; x_wconf 88' lang='lat' dir='ltr'><strong>quoties</strong></span> <span class='ocrx_word' id='word_1_69' title='bbox 1088 1357 1198 1422; x_wconf 87' lang='lat' dir='ltr'><strong>cuppa</strong></span> <span class='ocrx_word' id='word_1_70' title='bbox 1221 1355 1289 1398; x_wconf 92' lang='lat' dir='ltr'><strong>non</strong></span> 
     </span>
     <span class='ocr_line' id='line_1_9' title="bbox 165 1447 1289 1530; baseline -0.001 -18"><span class='ocrx_word' id='word_1_71' title='bbox 165 1448 209 1512; x_wconf 91' lang='lat' dir='ltr'><strong>sit</strong></span> <span class='ocrx_word' id='word_1_72' title='bbox 235 1471 276 1512; x_wconf 77' lang='lat' dir='ltr'><strong>ea</strong></span> <span class='ocrx_word' id='word_1_73' title='bbox 304 1470 404 1530; x_wconf 88' lang='lat' dir='ltr'><strong>auro,</strong></span> <span class='ocrx_word' id='word_1_74' title='bbox 432 1447 553 1513; x_wconf 90' lang='lat' dir='ltr'><strong>debeat</strong></span> <span class='ocrx_word' id='word_1_75' title='bbox 584 1471 659 1512; x_wconf 89' lang='lat' dir='ltr'><strong>esse</strong></span> <span class='ocrx_word' id='word_1_76' title='bbox 692 1449 784 1512; x_wconf 90' lang='lat' dir='ltr'><strong>intus</strong></span> <span class='ocrx_word' id='word_1_77' title='bbox 812 1450 980 1514; x_wconf 87' lang='lat' dir='ltr'><strong>inaurata.</strong></span> <span class='ocrx_word' id='word_1_78' title='bbox 1015 1448 1097 1528; x_wconf 75' lang='lat' dir='ltr'><strong>Qua¹</strong></span> <span class='ocrx_word' id='word_1_79' title='bbox 1123 1447 1289 1513; x_wconf 88' lang='lat' dir='ltr'><strong>inauratio</strong></span> 
     </span>
     <span class='ocr_line' id='line_1_10' title="bbox 165 1561 1290 1651; baseline -0.001 -24"><span class='ocrx_word' id='word_1_80' title='bbox 165 1561 347 1650; x_wconf 81' lang='lat' dir='ltr'><strong>requiritur</strong></span> <span class='ocrx_word' id='word_1_81' title='bbox 364 1569 438 1626; x_wconf 91' lang='lat' dir='ltr'><strong>tum</strong></span> <span class='ocrx_word' id='word_1_82' title='bbox 457 1562 500 1626; x_wconf 90' lang='lat' dir='ltr'><strong>ad</strong></span> <span class='ocrx_word' id='word_1_83' title='bbox 520 1562 721 1649; x_wconf 86' lang='lat' dir='ltr'><strong>dignitatem</strong></span> <span class='ocrx_word' id='word_1_84' title='bbox 739 1563 977 1649; x_wconf 80' lang='lat' dir='ltr'><strong>pretiosissimi</strong></span> <span class='ocrx_word' id='word_1_85' title='bbox 997 1563 1195 1651; x_wconf 81' lang='lat' dir='ltr'><strong>Sanguinis,</strong></span> <span class='ocrx_word' id='word_1_86' title='bbox 1217 1569 1290 1627; x_wconf 91' lang='lat' dir='ltr'><strong>tum</strong></span> 
     </span>
     <span class='ocr_line' id='line_1_11' title="bbox 164 1675 1290 1764; baseline -0.001 -23"><span class='ocrx_word' id='word_1_87' title='bbox 164 1683 203 1742; x_wconf 88' lang='lat' dir='ltr'><strong>ut</strong></span> <span class='ocrx_word' id='word_1_88' title='bbox 221 1675 357 1762; x_wconf 93' lang='lat' dir='ltr'><strong>longius</strong></span> <span class='ocrx_word' id='word_1_89' title='bbox 375 1682 548 1742; x_wconf 83' lang='lat' dir='ltr'><strong>avertatur</strong></span> <span class='ocrx_word' id='word_1_90' title='bbox 566 1677 755 1764; x_wconf 90' lang='lat' dir='ltr'><strong>periculum</strong></span> <span class='ocrx_word' id='word_1_91' title='bbox 774 1676 995 1742; x_wconf 90' lang='lat' dir='ltr'><strong>imbibitionis</strong></span> <span class='ocrx_word' id='word_1_92' title='bbox 1019 1699 1189 1744; x_wconf 88' lang='lat' dir='ltr'><strong>sacrarum</strong></span> <span class='ocrx_word' id='word_1_93' title='bbox 1214 1698 1290 1764; x_wconf 90' lang='lat' dir='ltr'><strong>spe-</strong></span> 
     </span>
     <span class='ocr_line' id='line_1_12' title="bbox 166 1790 1290 1878; baseline -0.003 -22"><span class='ocrx_word' id='word_1_94' title='bbox 166 1791 309 1870; x_wconf 80' lang='lat' dir='ltr'><strong>cierum3</strong></span> <span class='ocrx_word' id='word_1_95' title='bbox 332 1812 451 1854; x_wconf 88' lang='lat' dir='ltr'><strong>aurum</strong></span> <span class='ocrx_word' id='word_1_96' title='bbox 471 1790 561 1854; x_wconf 92' lang='lat' dir='ltr'><strong>enim</strong></span> <span class='ocrx_word' id='word_1_97' title='bbox 581 1797 632 1855; x_wconf 89' lang='lat' dir='ltr'><strong>est</strong></span> <span class='ocrx_word' id='word_1_98' title='bbox 651 1813 754 1878; x_wconf 91' lang='lat' dir='ltr'><strong>quam</strong></span> <span class='ocrx_word' id='word_1_99' title='bbox 773 1791 911 1856; x_wconf 92' lang='lat' dir='ltr'><strong>minime</strong></span> <span class='ocrx_word' id='word_1_100' title='bbox 925 1813 1102 1878; x_wconf 78' lang='lat' dir='ltr'><strong>porosum.</strong></span> <span class='ocrx_word' id='word_1_101' title='bbox 1129 1791 1290 1855; x_wconf 85' lang='lat' dir='ltr'><strong>Attamen</strong></span> 
     </span>
     <span class='ocr_line' id='line_1_13' title="bbox 167 1903 1292 1994; baseline -0.002 -25"><span class='ocrx_word' id='word_1_102' title='bbox 167 1903 407 1990; x_wconf 83' lang='lat' dir='ltr'><strong>obligationem</strong></span> <span class='ocrx_word' id='word_1_103' title='bbox 455 1905 557 1992; x_wconf 90' lang='lat' dir='ltr'><strong>hujus</strong></span> <span class='ocrx_word' id='word_1_104' title='bbox 603 1905 825 1970; x_wconf 89' lang='lat' dir='ltr'><strong>inaurationis</strong></span> <span class='ocrx_word' id='word_1_105' title='bbox 871 1905 1023 1994; x_wconf 88' lang='lat' dir='ltr'><strong>plerique</strong></span> <span class='ocrx_word' id='word_1_106' title='bbox 1063 1905 1179 1970; x_wconf 89' lang='lat' dir='ltr'><strong>dicunt</strong></span> <span class='ocrx_word' id='word_1_107' title='bbox 1218 1925 1292 1968; x_wconf 90' lang='lat' dir='ltr'><strong>esse</strong></span> 
     </span>
     <span class='ocr_line' id='line_1_14' title="bbox 166 2017 1196 2106; baseline 0 -24"><span class='ocrx_word' id='word_1_108' title='bbox 166 2018 289 2098; x_wconf 84' lang='lat' dir='ltr'><strong>levem,</strong></span> <span class='ocrx_word' id='word_1_109' title='bbox 312 2041 346 2082; x_wconf 82' lang='lat' dir='ltr'><strong>v.</strong></span> <span class='ocrx_word' id='word_1_110' title='bbox 369 2041 418 2105; x_wconf 92' lang='lat' dir='ltr'><strong>g.‚</strong></span> <span class='ocrx_word' id='word_1_111' title='bbox 441 2017 576 2100; x_wconf 89' lang='lat' dir='ltr'><strong>Quarti,</strong></span> <span class='ocrx_word' id='word_1_112' title='bbox 598 2018 640 2083; x_wconf 89' lang='lat' dir='ltr'><strong>de</strong></span> <span class='ocrx_word' id='word_1_113' title='bbox 660 2018 785 2100; x_wconf 85' lang='lat' dir='ltr'><strong>Herdt,</strong></span> <span class='ocrx_word' id='word_1_114' title='bbox 808 2026 948 2083; x_wconf 90' lang='lat' dir='ltr'><strong>sanctus</strong></span> <span class='ocrx_word' id='word_1_115' title='bbox 966 2019 1196 2106; x_wconf 84' lang='lat' dir='ltr'><strong>Alphonsus¹.</strong></span> 
     </span>
    </p>

    <p class='ocr_par' dir='ltr' id='par_1_3' title="bbox 166 2109 1293 2449">
     <span class='ocr_line' id='line_1_15' title="bbox 211 2109 1293 2219; baseline 0 -25"><span class='ocrx_word' id='word_1_116' title='bbox 211 2131 245 2194; x_wconf 85' lang='grc' dir='ltr'><strong>2ο</strong></span> <span class='ocrx_word' id='word_1_117' title='bbox 264 2130 312 2195; x_wconf 90' lang='lat' dir='ltr'><strong>De</strong></span> <span class='ocrx_word' id='word_1_118' title='bbox 330 2133 415 2218; x_wconf 82' lang='lat' dir='ltr'><strong>jure</strong></span> <span class='ocrx_word' id='word_1_119' title='bbox 439 2132 729 2216; x_wconf 74' lang='lat' dir='ltr'><strong>extraordinario,</strong></span> <span class='ocrx_word' id='word_1_120' title='bbox 758 2131 884 2197; x_wconf 83' lang='lat' dir='ltr'><strong>sufficit</strong></span> <span class='ocrx_word' id='word_1_121' title='bbox 909 2139 948 2198; x_wconf 89' lang='lat' dir='ltr'><strong>ut</strong></span> <span class='ocrx_word' id='word_1_122' title='bbox 976 2155 1084 2219; x_wconf 86' lang='lat' dir='ltr'><strong>cuppa</strong></span> <span class='ocrx_word' id='word_1_123' title='bbox 1113 2131 1224 2196; x_wconf 76' lang='lat' dir='ltr'><strong>calicis</strong></span> <span class='ocrx_word' id='word_1_124' title='bbox 1249 2109 1293 2195; x_wconf 80' lang='lat' dir='ltr'><strong>sit</strong></span> 
     </span>
     <span class='ocr_line' id='line_1_16' title="bbox 166 2245 1293 2331; baseline -0.002 -21"><span class='ocrx_word' id='word_1_125' title='bbox 166 2267 286 2328; x_wconf 85' lang='lat' dir='ltr'><strong>aurea,</strong></span> <span class='ocrx_word' id='word_1_126' title='bbox 314 2245 366 2308; x_wconf 84' lang='lat' dir='ltr'><strong>oct</strong></span> <span class='ocrx_word' id='word_1_127' title='bbox 388 2253 547 2331; x_wconf 73' lang='lat' dir='ltr'><strong>argentea</strong></span> <span class='ocrx_word' id='word_1_128' title='bbox 553 2296 564 2330; x_wconf 93' lang='lat'><strong>,</strong></span> <span class='ocrx_word' id='word_1_129' title='bbox 591 2246 642 2310; x_wconf 88' lang='lat' dir='ltr'><strong>oet</strong></span> <span class='ocrx_word' id='word_1_130' title='bbox 665 2254 814 2312; x_wconf 82' lang='lat' dir='ltr'><strong>stannea.</strong></span> <span class='ocrx_word' id='word_1_131' title='bbox 842 2285 885 2296; x_wconf 90' lang='lat'><em>-</em></span> <span class='ocrx_word' id='word_1_132' title='bbox 910 2246 1054 2312; x_wconf 87' lang='lat' dir='ltr'><strong>Constat</strong></span> <span class='ocrx_word' id='word_1_133' title='bbox 1073 2268 1115 2310; x_wconf 87' lang='lat' dir='ltr'><strong>ex</strong></span> <span class='ocrx_word' id='word_1_134' title='bbox 1135 2245 1200 2310; x_wconf 92' lang='lat' dir='ltr'><strong>alio</strong></span> <span class='ocrx_word' id='word_1_135' title='bbox 1219 2245 1293 2309; x_wconf 90' lang='lat' dir='ltr'><strong>loco</strong></span> 
     </span>
     <span class='ocr_line' id='line_1_17' title="bbox 168 2357 1291 2449; baseline 0.002 -26"><span class='ocrx_word' id='word_1_136' title='bbox 168 2359 203 2423; x_wconf 94' lang='lat' dir='ltr'><strong>in</strong></span> <span class='ocrx_word' id='word_1_137' title='bbox 218 2359 376 2424; x_wconf 80' lang='lat' dir='ltr'><strong>Rubricia</strong></span> <span class='ocrx_word' id='word_1_138' title='bbox 392 2359 553 2444; x_wconf 77' lang='lat' dir='ltr'><strong>missalis,</strong></span> <span class='ocrx_word' id='word_1_139' title='bbox 571 2382 649 2448; x_wconf 89' lang='lat' dir='ltr'><strong>pars</strong></span> <span class='ocrx_word' id='word_1_140' title='bbox 663 2359 711 2424; x_wconf 91' lang='lat' dir='ltr'><strong>Ill</strong></span> <span class='ocrx_word' id='word_1_141' title='bbox 723 2359 784 2448; x_wconf 85' lang='lat' dir='ltr'><strong>(Dc</strong></span> <span class='ocrx_word' id='word_1_142' title='bbox 796 2361 1055 2449; x_wconf 74' lang='lat' dir='ltr'><strong>defectibus...)‚</strong></span> <span class='ocrx_word' id='word_1_143' title='bbox 1070 2361 1123 2428; x_wconf 88' lang='lat' dir='ltr'><strong>tit.</strong></span> <span class='ocrx_word' id='word_1_144' title='bbox 1144 2380 1183 2440; x_wconf 83' lang='lat' dir='ltr'><strong>x,</strong></span> <span class='ocrx_word' id='word_1_145' title='bbox 1203 2381 1237 2423; x_wconf 92' lang='lat' dir='ltr'><strong>n.</strong></span> <span class='ocrx_word' id='word_1_146' title='bbox 1257 2357 1291 2425; x_wconf 78' lang='lat' dir='ltr'><strong>t:</strong></span> 
     </span>
    </p>
   </div>
   <div class='ocr_carea' id='block_1_3' title="bbox 167 2471 1296 2674">
    <p class='ocr_par' dir='ltr' id='par_1_4' title="bbox 167 2471 1296 2674">
     <span class='ocr_line' id='line_1_18' title="bbox 168 2471 1295 2566; baseline 0.004 -32"><span class='ocrx_word' id='word_1_147' title='bbox 168 2499 184 2534; x_wconf 79' lang='lat' dir='ltr'><strong>a</strong></span> <span class='ocrx_word' id='word_1_148' title='bbox 265 2472 446 2556; x_wconf 83' lang='lat' dir='ltr'><strong>(Deiectus</strong></span> <span class='ocrx_word' id='word_1_149' title='bbox 465 2475 533 2560; x_wconf 86' lang='lat' dir='ltr'><strong>est)</strong></span> <span class='ocrx_word' id='word_1_150' title='bbox 554 2471 585 2538; x_wconf 83' lang='lat' dir='ltr'><strong>si</strong></span> <span class='ocrx_word' id='word_1_151' title='bbox 611 2497 679 2538; x_wconf 93' lang='lat' dir='ltr'><strong>non</strong></span> <span class='ocrx_word' id='word_1_152' title='bbox 706 2475 794 2539; x_wconf 88' lang='lat' dir='ltr'><strong>adsit</strong></span> <span class='ocrx_word' id='word_1_153' title='bbox 814 2474 902 2540; x_wconf 83' lang='lat' dir='ltr'><strong>calix</strong></span> <span class='ocrx_word' id='word_1_154' title='bbox 931 2487 1008 2539; x_wconf 88' lang='lat' dir='ltr'><strong>cum</strong></span> <span class='ocrx_word' id='word_1_155' title='bbox 1025 2483 1149 2566; x_wconf 84' lang='lat' dir='ltr'><strong>patena</strong></span> <span class='ocrx_word' id='word_1_156' title='bbox 1171 2495 1295 2538; x_wconf 87' lang='lat' dir='ltr'><strong>conve-</strong></span> 
     </span>
     <span class='ocr_line' id='line_1_19' title="bbox 167 2585 1296 2674; baseline -0.002 -22"><span class='ocrx_word' id='word_1_157' title='bbox 167 2587 284 2668; x_wconf 81' lang='lat' dir='ltr'><strong>niens,</strong></span> <span class='ocrx_word' id='word_1_158' title='bbox 306 2585 404 2674; x_wconf 88' lang='lat' dir='ltr'><strong>cujus</strong></span> <span class='ocrx_word' id='word_1_159' title='bbox 423 2609 531 2673; x_wconf 83' lang='lat' dir='ltr'><strong>cuppa</strong></span> <span class='ocrx_word' id='word_1_160' title='bbox 551 2588 648 2652; x_wconf 82' lang='lat' dir='ltr'><strong>dehet</strong></span> <span class='ocrx_word' id='word_1_161' title='bbox 663 2611 730 2654; x_wconf 82' lang='lat' dir='ltr'><strong>essa</strong></span> <span class='ocrx_word' id='word_1_162' title='bbox 745 2611 863 2670; x_wconf 69' lang='lat' dir='ltr'><strong>aurea,</strong></span> <span class='ocrx_word' id='word_1_163' title='bbox 879 2589 930 2652; x_wconf 83' lang='lat' dir='ltr'><strong>ort</strong></span> <span class='ocrx_word' id='word_1_164' title='bbox 942 2596 1116 2673; x_wconf 70' lang='lat' dir='ltr'><strong>argentea,</strong></span> <span class='ocrx_word' id='word_1_165' title='bbox 1135 2587 1186 2651; x_wconf 84' lang='lat' dir='ltr'><strong>oct</strong></span> <span class='ocrx_word' id='word_1_166' title='bbox 1203 2595 1296 2652; x_wconf 85' lang='lat' dir='ltr'><strong>stan-</strong></span> 
     </span>
    </p>
   </div>
   <div class='ocr_carea' id='block_1_4' title="bbox 168 2691 1381 4041">
    <p class='ocr_par' dir='ltr' id='par_1_5' title="bbox 168 2691 1381 4041">
     <span class='ocr_line' id='line_1_20' title="bbox 169 2691 1381 2783; baseline 0.001 -18"><span class='ocrx_word' id='word_1_167' title='bbox 169 2723 245 2783; x_wconf 85' lang='lat' dir='ltr'><strong>nea,</strong></span> <span class='ocrx_word' id='word_1_168' title='bbox 268 2722 335 2765; x_wconf 92' lang='lat' dir='ltr'><strong>non</strong></span> <span class='ocrx_word' id='word_1_169' title='bbox 359 2723 461 2780; x_wconf 71' lang='lat' dir='ltr'><strong>terea,</strong></span> <span class='ocrx_word' id='word_1_170' title='bbox 482 2701 539 2766; x_wconf 86' lang='lat' dir='ltr'><strong>vel</strong></span> <span class='ocrx_word' id='word_1_171' title='bbox 558 2702 677 2767; x_wconf 86' lang='lat' dir='ltr'><strong>vitrea.</strong></span> <span class='ocrx_word' id='word_1_172' title='bbox 702 2729 717 2762; x_wconf 87' lang='lat'>»</span> <span class='ocrx_word' id='word_1_173' title='bbox 740 2702 827 2766; x_wconf 91' lang='lat' dir='ltr'><strong>Cum</strong></span> <span class='ocrx_word' id='word_1_174' title='bbox 847 2700 917 2766; x_wconf 67' lang='lat' dir='ltr'><strong>hirc</strong></span> <span class='ocrx_word' id='word_1_175' title='bbox 944 2700 1076 2766; x_wconf 86' lang='lat' dir='ltr'><strong>rubrica</strong></span> <span class='ocrx_word' id='word_1_176' title='bbox 1097 2723 1164 2765; x_wconf 91' lang='lat' dir='ltr'><strong>non</strong></span> <span class='ocrx_word' id='word_1_177' title='bbox 1185 2699 1297 2766; x_wconf 91' lang='lat' dir='ltr'><strong>minus</strong></span> <span class='ocrx_word' id='word_1_178' title='bbox 1378 2691 1381 2696; x_wconf 26' lang='lat'>¹</span> 
     </span>
     <span class='ocr_line' id='line_1_21' title="bbox 168 2812 1297 2904; baseline 0 -26"><span class='ocrx_word' id='word_1_179' title='bbox 168 2813 336 2901; x_wconf 79' lang='lat' dir='ltr'><strong>exprimat</strong></span> <span class='ocrx_word' id='word_1_180' title='bbox 363 2812 437 2900; x_wconf 74' lang='lat' dir='ltr'><strong>jue,</strong></span> <span class='ocrx_word' id='word_1_181' title='bbox 468 2837 507 2879; x_wconf 88' lang='lat' dir='ltr'><strong>ac</strong></span> <span class='ocrx_word' id='word_1_182' title='bbox 528 2815 620 2902; x_wconf 91' lang='lat' dir='ltr'><strong>prior</strong></span> <span class='ocrx_word' id='word_1_183' title='bbox 648 2837 748 2902; x_wconf 88' lang='lat' dir='ltr'><strong>supra</strong></span> <span class='ocrx_word' id='word_1_184' title='bbox 775 2815 897 2895; x_wconf 87' lang='lat' dir='ltr'><strong>relata,</strong></span> <span class='ocrx_word' id='word_1_185' title='bbox 926 2822 960 2879; x_wconf 91' lang='lat' dir='ltr'><strong>et</strong></span> <span class='ocrx_word' id='word_1_186' title='bbox 986 2819 1140 2904; x_wconf 81' lang='lat' dir='ltr'><strong>oporteat</strong></span> <span class='ocrx_word' id='word_1_187' title='bbox 1166 2819 1201 2878; x_wconf 92' lang='lat' dir='ltr'><strong>ut</strong></span> <span class='ocrx_word' id='word_1_188' title='bbox 1229 2835 1297 2878; x_wconf 89' lang='lat' dir='ltr'><strong>una</strong></span> 
     </span>
     <span class='ocr_line' id='line_1_22' title="bbox 169 2927 1297 3016; baseline -0.001 -23"><span class='ocrx_word' id='word_1_189' title='bbox 169 2951 246 2993; x_wconf 91' lang='lat' dir='ltr'><strong>cum</strong></span> <span class='ocrx_word' id='word_1_190' title='bbox 266 2927 371 2993; x_wconf 89' lang='lat' dir='ltr'><strong>altera</strong></span> <span class='ocrx_word' id='word_1_191' title='bbox 395 2928 593 3009; x_wconf 86' lang='lat' dir='ltr'><strong>concordet,</strong></span> <span class='ocrx_word' id='word_1_192' title='bbox 619 2928 711 3016; x_wconf 92' lang='lat' dir='ltr'><strong>prior</strong></span> <span class='ocrx_word' id='word_1_193' title='bbox 735 2927 956 3016; x_wconf 86' lang='lat' dir='ltr'><strong>intelligenda</strong></span> <span class='ocrx_word' id='word_1_194' title='bbox 975 2934 1027 2992; x_wconf 90' lang='lat' dir='ltr'><strong>est</strong></span> <span class='ocrx_word' id='word_1_195' title='bbox 1047 2927 1088 2992; x_wconf 91' lang='lat' dir='ltr'><strong>de</strong></span> <span class='ocrx_word' id='word_1_196' title='bbox 1110 2927 1187 3014; x_wconf 90' lang='lat' dir='ltr'><strong>jure</strong></span> <span class='ocrx_word' id='word_1_197' title='bbox 1207 2927 1297 2992; x_wconf 85' lang='lat' dir='ltr'><strong>ordi-</strong></span> 
     </span>
     <span class='ocr_line' id='line_1_23' title="bbox 171 3040 1297 3129; baseline -0.001 -23"><span class='ocrx_word' id='word_1_198' title='bbox 171 3043 279 3124; x_wconf 84' lang='lat' dir='ltr'><strong>nario,</strong></span> <span class='ocrx_word' id='word_1_199' title='bbox 302 3040 407 3106; x_wconf 89' lang='lat' dir='ltr'><strong>altera</strong></span> <span class='ocrx_word' id='word_1_200' title='bbox 431 3041 472 3106; x_wconf 89' lang='lat' dir='ltr'><strong>de</strong></span> <span class='ocrx_word' id='word_1_201' title='bbox 495 3041 572 3127; x_wconf 90' lang='lat' dir='ltr'><strong>jure</strong></span> <span class='ocrx_word' id='word_1_202' title='bbox 595 3042 883 3126; x_wconf 71' lang='lat' dir='ltr'><strong>extraordinario,</strong></span> <span class='ocrx_word' id='word_1_203' title='bbox 906 3063 1044 3129; x_wconf 85' lang='lat' dir='ltr'><strong>nempe,</strong></span> <span class='ocrx_word' id='word_1_204' title='bbox 1065 3047 1103 3106; x_wconf 92' lang='lat' dir='ltr'><strong>ut</strong></span> <span class='ocrx_word' id='word_1_205' title='bbox 1122 3048 1297 3129; x_wconf 87' lang='lat' dir='ltr'><strong>exponunt</strong></span> 
     </span>
     <span class='ocr_line' id='line_1_24' title="bbox 170 3155 1296 3244; baseline 0 -25"><span class='ocrx_word' id='word_1_206' title='bbox 170 3177 300 3236; x_wconf 87' lang='lat' dir='ltr'><strong>omnes,</strong></span> <span class='ocrx_word' id='word_1_207' title='bbox 321 3162 431 3220; x_wconf 76' lang='lat' dir='ltr'><strong>stante</strong></span> <span class='ocrx_word' id='word_1_208' title='bbox 446 3163 648 3241; x_wconf 86' lang='lat' dir='ltr'><strong>paupertate</strong></span> <span class='ocrx_word' id='word_1_209' title='bbox 668 3155 724 3220; x_wconf 88' lang='lat' dir='ltr'><strong>vel</strong></span> <span class='ocrx_word' id='word_1_210' title='bbox 743 3155 810 3220; x_wconf 82' lang='lat' dir='ltr'><strong>alia</strong></span> <span class='ocrx_word' id='word_1_211' title='bbox 831 3157 1022 3222; x_wconf 77' lang='lat' dir='ltr'><strong>necessitate</strong></span> <span class='ocrx_word' id='word_1_212' title='bbox 1042 3156 1093 3242; x_wconf 87' lang='lat' dir='ltr'><strong>(v.</strong></span> <span class='ocrx_word' id='word_1_213' title='bbox 1112 3179 1161 3242; x_wconf 76' lang='lat' dir='ltr'><strong>g,</strong></span> <span class='ocrx_word' id='word_1_214' title='bbox 1184 3177 1296 3244; x_wconf 88' lang='lat' dir='ltr'><strong>perse-</strong></span> 
     </span>
     <span class='ocr_line' id='line_1_25' title="bbox 171 3267 1294 3358; baseline 0.001 -24"><span class='ocrx_word' id='word_1_215' title='bbox 171 3269 339 3358; x_wconf 87' lang='lat' dir='ltr'><strong>cutione),</strong></span> <span class='ocrx_word' id='word_1_216' title='bbox 362 3293 436 3358; x_wconf 76' lang='lat' dir='ltr'><strong>quic</strong></span> <span class='ocrx_word' id='word_1_217' title='bbox 456 3291 524 3334; x_wconf 92' lang='lat' dir='ltr'><strong>non</strong></span> <span class='ocrx_word' id='word_1_218' title='bbox 545 3267 634 3334; x_wconf 89' lang='lat' dir='ltr'><strong>sinat</strong></span> <span class='ocrx_word' id='word_1_219' title='bbox 650 3270 777 3335; x_wconf 86' lang='lat' dir='ltr'><strong>servari</strong></span> <span class='ocrx_word' id='word_1_220' title='bbox 792 3270 851 3357; x_wconf 91' lang='lat' dir='ltr'><strong>jus</strong></span> <span class='ocrx_word' id='word_1_221' title='bbox 865 3271 1083 3336; x_wconf 90' lang='lat' dir='ltr'><strong>ordinarium.</strong></span> <span class='ocrx_word' id='word_1_222' title='bbox 1108 3309 1152 3320; x_wconf 96' lang='lat'>-</span> <span class='ocrx_word' id='word_1_223' title='bbox 1170 3269 1294 3337; x_wconf 91' lang='lat' dir='ltr'><strong>Unde:</strong></span> 
     </span>
     <span class='ocr_line' id='line_1_26' title="bbox 172 3381 1298 3474; baseline 0.003 -28"><span class='ocrx_word' id='word_1_224' title='bbox 172 3382 203 3448; x_wconf 85' lang='lat' dir='ltr'><strong>t.</strong></span> <span class='ocrx_word' id='word_1_225' title='bbox 229 3382 346 3449; x_wconf 88' lang='lat' dir='ltr'><strong>Stante</strong></span> <span class='ocrx_word' id='word_1_226' title='bbox 370 3389 586 3472; x_wconf 88' lang='lat' dir='ltr'><strong>paupertate,</strong></span> <span class='ocrx_word' id='word_1_227' title='bbox 608 3381 733 3448; x_wconf 85' lang='lat' dir='ltr'><strong>sufficit</strong></span> <span class='ocrx_word' id='word_1_228' title='bbox 759 3391 796 3448; x_wconf 88' lang='lat' dir='ltr'><strong>ut</strong></span> <span class='ocrx_word' id='word_1_229' title='bbox 816 3383 904 3450; x_wconf 88' lang='lat' dir='ltr'><strong>calix</strong></span> <span class='ocrx_word' id='word_1_230' title='bbox 924 3385 1046 3451; x_wconf 88' lang='lat' dir='ltr'><strong>habeat</strong></span> <span class='ocrx_word' id='word_1_231' title='bbox 1068 3408 1214 3474; x_wconf 88' lang='lat' dir='ltr'><strong>cuppam</strong></span> <span class='ocrx_word' id='word_1_232' title='bbox 1242 3385 1298 3449; x_wconf 80' lang='lat' dir='ltr'><strong>vel</strong></span> 
     </span>
     <span class='ocr_line' id='line_1_27' title="bbox 170 3483 1298 3587; baseline 0 -25"><span class='ocrx_word' id='word_1_233' title='bbox 170 3504 367 3584; x_wconf 85' lang='lat' dir='ltr'><strong>argenteam</strong></span> <span class='ocrx_word' id='word_1_234' title='bbox 397 3496 452 3561; x_wconf 90' lang='lat' dir='ltr'><strong>vel</strong></span> <span class='ocrx_word' id='word_1_235' title='bbox 476 3497 579 3562; x_wconf 87' lang='lat' dir='ltr'><strong>etiam</strong></span> <span class='ocrx_word' id='word_1_236' title='bbox 606 3503 799 3578; x_wconf 81' lang='lat' dir='ltr'><strong>stanneam3</strong></span> <span class='ocrx_word' id='word_1_237' title='bbox 829 3497 913 3580; x_wconf 88' lang='lat' dir='ltr'><strong>imo,</strong></span> <span class='ocrx_word' id='word_1_238' title='bbox 947 3500 975 3564; x_wconf 91' lang='lat' dir='ltr'><strong>si</strong></span> <span class='ocrx_word' id='word_1_239' title='bbox 1006 3507 1126 3587; x_wconf 87' lang='lat' dir='ltr'><strong>urgeat</strong></span> <span class='ocrx_word' id='word_1_240' title='bbox 1152 3483 1298 3587; x_wconf 86' lang='lat' dir='ltr'><strong>amplius</strong></span> 
     </span>
     <span class='ocr_line' id='line_1_28' title="bbox 170 3611 1298 3700; baseline 0 -24"><span class='ocrx_word' id='word_1_241' title='bbox 170 3617 368 3699; x_wconf 88' lang='lat' dir='ltr'><strong>paupertas,</strong></span> <span class='ocrx_word' id='word_1_242' title='bbox 391 3633 501 3698; x_wconf 91' lang='lat' dir='ltr'><strong>cuppa</strong></span> <span class='ocrx_word' id='word_1_243' title='bbox 524 3617 638 3698; x_wconf 89' lang='lat' dir='ltr'><strong>potest</strong></span> <span class='ocrx_word' id='word_1_244' title='bbox 664 3633 732 3675; x_wconf 93' lang='lat' dir='ltr'><strong>non</strong></span> <span class='ocrx_word' id='word_1_245' title='bbox 757 3633 831 3676; x_wconf 86' lang='lat' dir='ltr'><strong>esse</strong></span> <span class='ocrx_word' id='word_1_246' title='bbox 856 3611 997 3676; x_wconf 88' lang='lat' dir='ltr'><strong>interius</strong></span> <span class='ocrx_word' id='word_1_247' title='bbox 1021 3613 1192 3692; x_wconf 88' lang='lat' dir='ltr'><strong>inaurata,</strong></span> <span class='ocrx_word' id='word_1_248' title='bbox 1219 3611 1298 3700; x_wconf 90' lang='lat' dir='ltr'><strong>quia</strong></span> 
     </span>
     <span class='ocr_line' id='line_1_29' title="bbox 171 3724 1298 3813; baseline 0.001 -24"><span class='ocrx_word' id='word_1_249' title='bbox 171 3747 293 3812; x_wconf 88' lang='lat' dir='ltr'><strong>nempe</strong></span> <span class='ocrx_word' id='word_1_250' title='bbox 312 3724 383 3790; x_wconf 72' lang='lat' dir='ltr'><strong>haec</strong></span> <span class='ocrx_word' id='word_1_251' title='bbox 409 3747 477 3788; x_wconf 84' lang='lat' dir='ltr'><strong>vox</strong></span> <span class='ocrx_word' id='word_1_252' title='bbox 500 3746 608 3810; x_wconf 83' lang='lat' dir='ltr'><strong>cuppa</strong></span> <span class='ocrx_word' id='word_1_253' title='bbox 631 3732 771 3790; x_wconf 84' lang='lat' dir='ltr'><strong>stannea</strong></span> <span class='ocrx_word' id='word_1_254' title='bbox 795 3725 890 3790; x_wconf 92' lang='lat' dir='ltr'><strong>nullo</strong></span> <span class='ocrx_word' id='word_1_255' title='bbox 914 3726 1014 3789; x_wconf 90' lang='lat' dir='ltr'><strong>modo</strong></span> <span class='ocrx_word' id='word_1_256' title='bbox 1035 3725 1185 3813; x_wconf 16' lang='lat' dir='ltr'><strong>imp-licat</strong></span> <span class='ocrx_word' id='word_1_257' title='bbox 1205 3726 1298 3790; x_wconf 91' lang='lat' dir='ltr'><strong>inau-</strong></span> 
     </span>
     <span class='ocr_line' id='line_1_30' title="bbox 170 3836 1298 3927; baseline 0.003 -26"><span class='ocrx_word' id='word_1_258' title='bbox 170 3837 352 3918; x_wconf 75' lang='lat' dir='ltr'><strong>rationem3</strong></span> <span class='ocrx_word' id='word_1_259' title='bbox 375 3877 419 3887; x_wconf 91' lang='lat'><em>-</em></span> <span class='ocrx_word' id='word_1_260' title='bbox 438 3838 470 3904; x_wconf 84' lang='lat'><strong>2.</strong></span> <span class='ocrx_word' id='word_1_261' title='bbox 487 3836 605 3904; x_wconf 87' lang='lat' dir='ltr'><strong>Stante</strong></span> <span class='ocrx_word' id='word_1_262' title='bbox 621 3845 831 3927; x_wconf 88' lang='lat' dir='ltr'><strong>paupertate,</strong></span> <span class='ocrx_word' id='word_1_263' title='bbox 850 3839 942 3904; x_wconf 87' lang='lat' dir='ltr'><strong>nulla</strong></span> <span class='ocrx_word' id='word_1_264' title='bbox 964 3839 1146 3926; x_wconf 89' lang='lat' dir='ltr'><strong>requiritur</strong></span> <span class='ocrx_word' id='word_1_265' title='bbox 1160 3839 1298 3905; x_wconf 89' lang='lat' dir='ltr'><strong>licentia</strong></span> 
     </span>
     <span class='ocr_line' id='line_1_31' title="bbox 171 3951 1297 4041; baseline 0.001 -25"><span class='ocrx_word' id='word_1_266' title='bbox 171 3973 234 4017; x_wconf 87' lang='lat' dir='ltr'><strong>nec</strong></span> <span class='ocrx_word' id='word_1_267' title='bbox 249 3951 348 4017; x_wconf 91' lang='lat' dir='ltr'><strong>Sedis</strong></span> <span class='ocrx_word' id='word_1_268' title='bbox 367 3951 574 4039; x_wconf 72' lang='lat' dir='ltr'><strong>apostolicae,</strong></span> <span class='ocrx_word' id='word_1_269' title='bbox 597 3975 658 4018; x_wconf 91' lang='lat' dir='ltr'><strong>nec</strong></span> <span class='ocrx_word' id='word_1_270' title='bbox 678 3953 781 4018; x_wconf 86' lang='lat' dir='ltr'><strong>etiam</strong></span> <span class='ocrx_word' id='word_1_271' title='bbox 802 3953 972 4041; x_wconf 89' lang='lat' dir='ltr'><strong>Episcopi,</strong></span> <span class='ocrx_word' id='word_1_272' title='bbox 994 3960 1032 4018; x_wconf 92' lang='lat' dir='ltr'><strong>ut</strong></span> <span class='ocrx_word' id='word_1_273' title='bbox 1052 3953 1202 4019; x_wconf 77' lang='lat' dir='ltr'><strong>ecclesia¹</strong></span> <span class='ocrx_word' id='word_1_274' title='bbox 1222 3977 1297 4041; x_wconf 90' lang='lat' dir='ltr'><strong>pos-</strong></span> 
     </span>
    </p>
   </div>
   <div class='ocr_carea' id='block_1_5' title="bbox 171 4159 1296 4386">
    <p class='ocr_par' dir='ltr' id='par_1_6' title="bbox 171 4159 1296 4386">
     <span class='ocr_line' id='line_1_32' title="bbox 204 4159 1296 4226; baseline 0.002 -17"><span class='ocrx_word' id='word_1_275' title='bbox 204 4161 213 4197; x_wconf 82' lang='lat'><strong>¹</strong></span> <span class='ocrx_word' id='word_1_276' title='bbox 229 4161 337 4219; x_wconf 78' lang='lat' dir='ltr'><strong>Quarti,</strong></span> <span class='ocrx_word' id='word_1_277' title='bbox 350 4159 474 4212; x_wconf 79' lang='lat' dir='ltr'><strong>ttrrbricu</strong></span> <span class='ocrx_word' id='word_1_278' title='bbox 485 4161 616 4221; x_wconf 72' lang='lat' dir='ltr'><strong>missalis,</strong></span> <span class='ocrx_word' id='word_1_279' title='bbox 628 4177 691 4226; x_wconf 82' lang='lat' dir='ltr'><strong>pars</strong></span> <span class='ocrx_word' id='word_1_280' title='bbox 703 4163 740 4217; x_wconf 83' lang='lat'><strong>11.</strong></span> <span class='ocrx_word' id='word_1_281' title='bbox 754 4165 795 4212; x_wconf 87' lang='lat' dir='ltr'><strong>tit.</strong></span> <span class='ocrx_word' id='word_1_282' title='bbox 808 4179 828 4220; x_wconf 78' lang='grc' dir='ltr'><strong>ι,</strong></span> <span class='ocrx_word' id='word_1_283' title='bbox 841 4167 908 4212; x_wconf 84' lang='lat' dir='ltr'><strong>sect.</strong></span> <span class='ocrx_word' id='word_1_284' title='bbox 922 4179 952 4220; x_wconf 85' lang='lat' dir='ltr'><strong>n,</strong></span> <span class='ocrx_word' id='word_1_285' title='bbox 964 4164 1028 4212; x_wconf 74' lang='lat' dir='ltr'><strong>(tub.</strong></span> <span class='ocrx_word' id='word_1_286' title='bbox 1043 4169 1066 4217; x_wconf 84' lang='lat' dir='ltr'><strong>l,</strong></span> <span class='ocrx_word' id='word_1_287' title='bbox 1082 4164 1215 4220; x_wconf 68' lang='lat' dir='ltr'><strong>venetiis,</strong></span> <span class='ocrx_word' id='word_1_288' title='bbox 1229 4169 1296 4222; x_wconf 74' lang='lat'><strong>1727,</strong></span> 
     </span>
     <span class='ocr_line' id='line_1_33' title="bbox 171 4242 1296 4308; baseline 0.004 -19"><span class='ocrx_word' id='word_1_289' title='bbox 171 4257 198 4304; x_wconf 92' lang='lat' dir='ltr'><strong>p.</strong></span> <span class='ocrx_word' id='word_1_290' title='bbox 220 4244 395 4302; x_wconf 62' lang='lat' dir='ltr'><strong>rio-1413·</strong></span> <span class='ocrx_word' id='word_1_291' title='bbox 416 4243 450 4292; x_wconf 88' lang='lat' dir='ltr'><strong>de</strong></span> <span class='ocrx_word' id='word_1_292' title='bbox 471 4242 570 4302; x_wconf 75' lang='lat' dir='ltr'><strong>uerat,</strong></span> <span class='ocrx_word' id='word_1_293' title='bbox 590 4243 678 4292; x_wconf 79' lang='lat' dir='ltr'><strong>Sucru</strong></span> <span class='ocrx_word' id='word_1_294' title='bbox 697 4242 819 4308; x_wconf 74' lang='lat' dir='ltr'><strong>titurgire</strong></span> <span class='ocrx_word' id='word_1_295' title='bbox 833 4243 943 4307; x_wconf 74' lang='lat' dir='ltr'><strong>prusis,</strong></span> <span class='ocrx_word' id='word_1_296' title='bbox 967 4259 1029 4308; x_wconf 85' lang='lat' dir='ltr'><strong>pars</strong></span> <span class='ocrx_word' id='word_1_297' title='bbox 1050 4244 1073 4299; x_wconf 78' lang='grc' dir='ltr'><strong>Ι,</strong></span> <span class='ocrx_word' id='word_1_298' title='bbox 1090 4261 1115 4292; x_wconf 87' lang='lat' dir='ltr'><strong>n.</strong></span> <span class='ocrx_word' id='word_1_299' title='bbox 1132 4249 1191 4304; x_wconf 71' lang='lat'><strong>172,</strong></span> <span class='ocrx_word' id='word_1_300' title='bbox 1211 4245 1296 4294; x_wconf 80' lang='lat' dir='ltr'><strong>Lora-</strong></span> 
     </span>
     <span class='ocr_line' id='line_1_34' title="bbox 172 4321 1140 4386; baseline 0.002 -16"><span class='ocrx_word' id='word_1_301' title='bbox 172 4321 223 4380; x_wconf 84' lang='lat' dir='ltr'><strong>nii,</strong></span> <span class='ocrx_word' id='word_1_302' title='bbox 239 4325 314 4380; x_wconf 75' lang='lat' dir='ltr'><strong>tuos,</strong></span> <span class='ocrx_word' id='word_1_303' title='bbox 332 4325 351 4372; x_wconf 87' lang='lat' dir='ltr'><strong>t.</strong></span> <span class='ocrx_word' id='word_1_304' title='bbox 368 4337 388 4372; x_wconf 86' lang='grc' dir='ltr'><strong>ι.</strong></span> <span class='ocrx_word' id='word_1_305' title='bbox 405 4339 431 4386; x_wconf 93' lang='lat' dir='ltr'><strong>p.</strong></span> <span class='ocrx_word' id='word_1_306' title='bbox 448 4327 575 4382; x_wconf 77' lang='lat' dir='ltr'><strong>209·tlo;</strong></span> <span class='ocrx_word' id='word_1_307' title='bbox 591 4349 621 4360; x_wconf 90' lang='lat'>-</span> <span class='ocrx_word' id='word_1_308' title='bbox 636 4321 662 4371; x_wconf 91' lang='lat' dir='ltr'><strong>S.</strong></span> <span class='ocrx_word' id='word_1_309' title='bbox 678 4323 771 4386; x_wconf 64' lang='lat' dir='ltr'><strong>Alpis,</strong></span> <span class='ocrx_word' id='word_1_310' title='bbox 788 4323 835 4372; x_wconf 86' lang='lat' dir='ltr'><strong>tib.</strong></span> <span class='ocrx_word' id='word_1_311' title='bbox 852 4323 902 4381; x_wconf 80' lang='lat' dir='ltr'><strong>Vt,</strong></span> <span class='ocrx_word' id='word_1_312' title='bbox 920 4339 945 4372; x_wconf 89' lang='lat' dir='ltr'><strong>n.</strong></span> <span class='ocrx_word' id='word_1_313' title='bbox 962 4329 1020 4382; x_wconf 79' lang='grc'><strong>370,</strong></span> <span class='ocrx_word' id='word_1_314' title='bbox 1036 4325 1100 4374; x_wconf 86' lang='lat' dir='ltr'><strong>dub.</strong></span> <span class='ocrx_word' id='word_1_315' title='bbox 1117 4331 1140 4372; x_wconf 79' lang='grc'><strong>3.</strong></span> 
     </span>
    </p>
   </div>
   <div class='ocr_carea' id='block_1_6' title="bbox 226 4419 1156 4474">
    <p class='ocr_par' dir='ltr' id='par_1_7' title="bbox 226 4419 1156 4474">
     <span class='ocr_line' id='line_1_35' title="bbox 226 4419 1156 4474; baseline 0.005 -7"><span class='ocrx_word' id='word_1_316' title='bbox 226 4419 229 4424; x_wconf 81' lang='grc'><strong>’</strong></span> <span class='ocrx_word' id='word_1_317' title='bbox 280 4433 362 4468; x_wconf 60' lang='lat' dir='ltr'><strong>uisse.</strong></span> <span class='ocrx_word' id='word_1_318' title='bbox 1123 4419 1156 4474; x_wconf 79' lang='lat' dir='ltr'><strong>u</strong></span> 
     </span>
    </p>
   </div>
   <div class='ocr_carea' id='block_1_7' title="bbox 0 0 1608 5024">
    <p class='ocr_par' dir='ltr' id='par_1_8' title="bbox 0 0 1608 5024">
     <span class='ocr_line' id='line_1_36' title="bbox 0 0 1608 5024; baseline 0 0"><span class='ocrx_word' id='word_1_319' title='bbox 0 0 1608 5024; x_wconf 95' lang='lat' dir='ltr'><strong> </strong></span> 
     </span>
    </p>
   </div>
  </div>
 </body>
</html>
