3246 5026
317 462 370 514 364
799 465 843 514 DE
861 462 962 515 mssa

316 616 379 668 tam
400 607 575 690 perpetuis,
599 615 661 669 tarn
685 607 882 668 manualibus
901 607 1064 667 missarum
1085 605 1232 666 oneribus
1251 625 1305 665 seu
1325 605 1447 685 obliga-

318 699 466 776 tionibus,
481 703 519 762 ad
535 703 660 776 limites,
675 709 707 762 et
720 709 860 762 tenorem
876 703 1076 783 praesentium
1090 701 1287 761 decretorum
1303 707 1445 781 tempore

315 816 424 857 eorum
444 798 602 878 regiminis
622 798 718 858 fuerit
736 799 877 873 omnino,
895 807 926 858 et
944 793 1137 879 integraliter
1156 797 1363 871 satisfactum,
1380 797 1443 872 vel,

314 891 480 952 deficiente
502 893 605 975 aliqua
630 893 752 954 modica
775 895 1003 968 satisfactione,
1026 896 1125 974 possit
1146 894 1239 954 etiam
1261 892 1445 973 hujusmodi

317 988 463 1048 residuali
487 989 691 1070 implemento
713 990 892 1064 missarum,
914 990 1060 1050 distincte
1087 989 1336 1062 referendarum,
1363 991 1444 1048 intra

317 1083 410 1144 breve
429 1093 552 1167 tempus
572 1086 732 1146 moraliter
753 1087 911 1160 satisfieri,
933 1108 968 1148 ea
988 1086 1125 1167 adjecta,
1147 1093 1179 1146 et
1198 1085 1327 1145 omnino
1346 1085 1446 1146 adim-

316 1181 429 1260 plenda
445 1182 638 1256 conditione,
655 1183 739 1263 quod
755 1191 827 1242 ante
842 1183 978 1263 praefatae
995 1182 1202 1243 attestationis
1218 1181 1445 1241 exhibitionem

316 1277 505 1359 quicumque
524 1279 699 1359 superiores
719 1279 833 1340 locales
849 1278 991 1360 praedicti
1012 1299 1120 1339 vocem
1136 1278 1286 1352 activam,
1304 1297 1359 1336 scu
1375 1297 1445 1358 pas-

314 1373 414 1433 sivam
443 1374 475 1433 in
503 1375 683 1434 memoratis
712 1375 871 1456 capitulis,
903 1397 957 1436 seu
985 1374 1280 1455 congregationibus
1314 1373 1445 1433 omnino

316 1468 430 1528 habere
446 1490 507 1528 non
525 1471 659 1530 valeant.

355 1569 370 1638 ᾗ
391 1565 439 1623 26.
464 1564 618 1644 Praeterea
642 1565 868 1635 Provinciales,
884 1565 1001 1626 Vicarii
1017 1574 1049 1626 et
1063 1565 1248 1626 Visitatores
1268 1565 1446 1646 provincia-

314 1679 400 1733 rum,
429 1679 483 1720 seu
509 1661 786 1741 congregationum
816 1661 975 1722 debebunt
1000 1662 1119 1722 in'fine
1147 1681 1254 1721 eorum
1283 1661 1445 1741 regiminis

314 1755 528 1835 superioribus
543 1757 739 1837 generalibus
754 1758 786 1816 in
802 1757 901 1818 forma
914 1758 1066 1839 probante
1082 1756 1257 1828 ostendere,
1271 1755 1356 1838 quod
1372 1777 1445 1816 exc-

315 1851 433 1911 cutioni
462 1855 661 1933 praesentium
691 1853 888 1915 decretorum
918 1855 1027 1915 sedulo
1060 1853 1308 1934 invigilaverint,
1341 1859 1373 1911 ct
1404 1851 1445 1912 ad

315 1967 423 2008 eorum
440 1956 578 2010 tenorem
595 1951 625 2010 in
644 1951 804 2024 omnibuS,
821 1960 852 2011 et
875 1951 1005 2030 singulis
1025 1950 1247 2021 conventibuS,
1264 1969 1318 2008 seu
1335 1969 1444 2008 mona-

316 2043 433 2117 steriis,
451 2045 500 2104 vel
516 2045 659 2106 domibus
679 2047 873 2126 regularibus
888 2047 1073 2128 provinciae,
1097 2064 1151 2105 seu
1173 2043 1441 2124 congregationis,

315 2137 354 2197 ‹lc
374 2140 535 2214 omnibus,
554 2149 585 2201 et
604 2142 734 2221 singulis
753 2143 915 2216 oneribuS,
933 2151 965 2203 et
984 2141 1243 2221 obligationibus,
1260 2159 1295 2199 ιο
1314 2139 1443 2199 insimul

315 2233 580 2294 satisfactionibus
596 2237 771 2310 missarum,
789 2246 945 2312 exactam,
962 2246 994 2298 ct
1008 2238 1188 2317 diligentem
1204 2236 1356 2296 rationem
1372 2255 1443 2294 exe-

314 2327 434 2406 gerint;
451 2349 487 2389 ac
502 2337 610 2390 contra
625 2332 844 2414 delinquentes
863 2334 902 2394 ad
917 2334 1158 2395 declarationem
1178 2339 1209 2392 et
1224 2331 1441 2392 executionem

315 2425 488 2505 respective
503 2447 672 2507 paenarum
686 2428 717 2488 in
734 2430 867 2490 decretis
883 2437 1100 2491 contentarum
1116 2428 1340 2510 processerint,
1356 2426 1442 2488 etde

312 2519 557 2600 adimplemento
573 2525 654 2584 circa
670 2546 704 2585 ea
719 2545 788 2607 quae
803 2527 834 2584 in
852 2527 1018 2606 praemissis
1034 2526 1072 2586 ad
1088 2527 1173 2606 ipsos
1191 2530 1349 2606 spectant,
1367 2523 1441 2602 legi-

314 2615 387 2676 time
403 2616 585 2693 docuerint;
602 2621 677 2681 alias
693 2622 731 2682 ad
747 2643 856 2682 vocem
871 2623 1017 2697 activam,
1034 2631 1066 2683 et
1080 2622 1233 2701 passivam
1249 2621 1281 2679 in
1296 2619 1441 2700 capitulis

313 2715 509 2791 generalibus
524 2716 704 2778 nullatenus
720 2719 937 2780 admittantur.

353 2815 368 2885 ξ
391 2813 439 2873 27.
462 2812 634 2890 Caeterum,
656 2815 727 2895 quia
753 2815 846 2876 etiam
866 2816 904 2876 ad
925 2814 1127 2898 quamplures
1146 2811 1442 2875 archiconfraterni-

314 2913 409 2979 tates,
432 2909 720 2984 confraternitates,
749 2911 929 2986 societates,
957 2912 1230 2992 congregationes,
1256 2908 1439 2990 hospitalia,

312 3001 433 3076 altaria,
450 3003 600 3085 capellas,
617 3007 767 3080 oratoria,
784 3015 816 3068 et
831 3007 991 3084 ecclesias,
1009 3027 1044 3069 ac
1059 3007 1117 3069 alia
1133 3007 1217 3082 loca,
1234 3014 1266 3066 et
1280 3025 1374 3086 opera
1390 3005 1441 3085 pia

309 3099 549 3177 quomodolibet
565 3111 755 3183 nuncupata,
767 3125 837 3184 quac
848 3105 1033 3185 cuicumque
1044 3123 1138 3179 curae,
1151 3124 1205 3164 seu
1218 3100 1374 3181 regimini,
1386 3109 1442 3161 aut

311 3191 589 3264 administrationi,
602 3197 652 3256 vel
665 3197 830 3259 directioni
843 3199 993 3260 laicorum
1006 3199 1175 3282 cujuslibet
1185 3191 1312 3278 'gradus
1325 3205 1439 3268 status,

311 3288 516 3364 conditionis,
531 3299 562 3350 et
578 3295 833 3371 praeeminentiae,
850 3296 943 3356 etiam
959 3297 1101 3378 speciali,
1119 3303 1150 3358 et
1164 3293 1348 3355 individuali
1364 3301 1439 3353 nota

309 3382 475 3462 dignorum
501 3386 679 3462 dumtaxat,
706 3391 756 3451 vel
784 3413 1054 3475 quorumcumque
1083 3391 1382 3462 ecclesiasticorum,
1408 3397 1440 3449 et

309 3479 460 3541 laicorum
477 3482 655 3565 hujusmodi
672 3486 792 3546 mixtim
809 3489 1037 3564 commendata,
1048 3509 1179 3562 annexa,
1197 3508 1250 3548 seu
1266 3485 1440 3567 quomodo-

310 3599 444 3660 cumque
466 3583 647 3657 commissa,
664 3584 714 3644 vel
736 3585 886 3646 attributa
902 3593 989 3660 sunt,
1013 3607 1109 3660 onus,
1131 3605 1186 3645 seu
1206 3603 1280 3645 cura
1300 3583 1438 3644 celebra·

312 3675 405 3735 tionis
421 3676 596 3753 missarum,
614 3679 679 3740 sive
694 3681 902 3754 manualium,
920 3681 985 3742 sive
1000 3682 1039 3742 ad
1055 3689 1195 3762 tempus,
1213 3679 1263 3741 vel
1279 3679 1311 3739 in
1326 3699 1437 3761 perpe-

311 3777 399 3830 tuum
428 3773 582 3852 pertinet;
612 3773 700 3852 hinc,
732 3777 826 3838 salvis
854 3799 976 3859 semper
1003 3778 1057 3853 iis,
1087 3799 1157 3859 quae
1185 3778 1217 3837 in
1247 3775 1438 3858 praeinsertis

307 3866 443 3929 decretis
457 3871 671 3945 continentur,
688 3893 811 3948 omnes,
828 3881 860 3934 et
874 3874 1064 3956 quicumque
1079 3873 1260 3957 hujusmodi
1274 3872 1437 3934 archicon·

309 3964 551 4041 fraternitatum,
568 3970 764 4045 societatum,
781 3976 812 4030 et
827 3973 1115 4051 congregationum,
1133 3970 1346 4054 hospitalium,
1362 3971 1438 4031 alta-

308 4060 404 4136 rium,
421 4063 621 4142 capellarum,
638 4066 856 4139 oratoriorum,
873 4075 905 4127 et
919 4067 1131 4143 ecclesiarum,
1148 4089 1184 4130 ac
1199 4068 1331 4128 aliorum
1349 4067 1436 4127 loco-

307 4175 393 4228 rum,
415 4165 446 4218 et
461 4179 591 4240 operum
607 4161 729 4240 piorum
745 4169 897 4238 rectores,
917 4185 972 4224 seu
987 4163 1271 4239 administratores,
1288 4163 1339 4223 vel
1354 4163 1436 4222 dire-

305 4256 425 4326 ctores,
451 4262 483 4315 et
511 4255 562 4315 alii
592 4256 771 4337 hujusmodi
797 4257 960 4334 officialeS,
987 4281 1109 4321 necnon
1129 4261 1165 4335 ii,
1191 4261 1229 4321 ad
1255 4279 1335 4341 quos
1359 4280 1435 4320 cura
