3180 5024
325 445 377 499 204
809 451 853 500 DE
871 450 970 502 Missa

371 591 465 660 108.
499 630 542 642 -
575 593 777 670 Quaerittu·
806 595 844 662 2ο
876 593 1037 669 Quanam
1074 593 1285 659 condiciones
1325 594 1452 656 servari

323 705 481 788 deleant,
505 714 541 770 ut
548 707 704 791 praedicti
717 708 920 792 sacerdotes,
938 709 1193 794 ephemeridum
1209 709 1448 788 moderatores,

323 820 489 884 immunes
507 820 575 884 sint
594 843 613 884 a
628 822 806 906 prohibito
826 824 1066 888 inercimonio?
1325 801 1328 806 Α

366 933 464 1018 Hesp.
489 933 592 1000 Juxta
612 934 647 1000 S.
669 936 774 1001 Cone.
797 935 924 1022 Congr.
946 937 1201 1024 responsionem
1226 958 1308 1000 mox
1327 935 1451 1020 allega-

320 1053 407 1129 tam,
430 1047 474 1113 ad
493 1047 555 1130 VI,
577 1049 797 1137 requiruntur
815 1057 884 1115 tres
902 1049 1142 1116 condiciones:

368 1163 400 1226 1⁰
415 1189 430 1221 n
446 1161 638 1228 Dummodo
657 1163 743 1227 nihil
761 1163 957 1230 detrahatur
976 1163 1194 1228 fundatorum
1210 1169 1245 1228 et
1259 1161 1449 1227 oblatorum

321 1274 490 1340 voluntati
509 1277 597 1342 circa
614 1277 773 1362 stipendii
791 1278 1004 1364 qualitatem,
1023 1279 1133 1342 locum
1152 1300 1192 1342 ac
1212 1285 1347 1362 tempus
1366 1275 1450 1340 ceie-

322 1389 485 1455 brationis
504 1391 696 1457 missarum.
723 1419 739 1452 ι)
759 1431 802 1442 -
819 1393 900 1458 Haec
916 1390 1068 1457 condicio
1088 1392 1162 1479 ipso
1181 1391 1259 1479 jure
1279 1391 1450 1455 communi

320 1510 430 1589 urget,
453 1511 491 1569 ut
509 1510 603 1592 patet
623 1529 665 1571 ex
684 1505 737 1570 his
757 1529 833 1594 quae
853 1507 924 1572 suis
944 1505 1029 1571 locis
1043 1506 1134 1570 dicta
1154 1513 1246 1571 sunt.

365 1618 398 1682 2⁰
434 1645 450 1678 n
488 1619 634 1684 Exclusa
670 1642 885 1709 quacumque
923 1621 1115 1686 collectione
1155 1620 1451 1706 eleemosynarum

321 1733 512 1799 missarum.
537 1761 553 1794 »
574 1771 619 1784 -
638 1733 785 1801 Omnino
804 1735 986 1824 requiritur
1004 1741 1043 1800 ut
1061 1734 1149 1800 absit
1169 1734 1321 1799 collectio
1334 1733 1453 1798 missa·

321 1868 412 1927 rum3
439 1847 605 1936 alioquin,
634 1855 671 1913 ut
698 1857 832 1915 constat
850 1873 892 1915 ex
912 1873 1014 1938 supra
1038 1849 1153 1931 dictis,
1176 1848 1390 1928 sacerdotes,
1412 1847 1453 1911 de

321 1960 444 2049 quibus
470 1963 597 2049 agitur,
629 1962 782 2029 incidunt
809 1965 843 2028 in
870 1964 1127 2030 mercimonium
1155 1961 1379 2050 prohibitum.
1411 1999 1453 2010 -

321 2075 417 2142 Unde
437 2054 516 2141 licet
535 2077 673 2165 quidem
693 2077 742 2142 eis
761 2078 940 2167 disponere
960 2078 1147 2156 demissis,
1169 2101 1254 2166 quas
1274 2076 1452 2142 habentui

320 2188 421 2254 oiiicii
441 2189 509 2270 sui,
532 2190 587 2255 vel
607 2199 730 2277 sponte
750 2193 896 2257 offerunt
916 2191 1046 2274 fideles,
1064 2191 1128 2257 sed
1148 2190 1338 2256 cavendum
1357 2213 1452 2278 pror

320 2325 378 2367 sus
398 2303 446 2367 eis
461 2311 514 2368 est
533 2303 575 2368 ab
594 2304 687 2370 omni
707 2306 886 2371 missarum
904 2306 1079 2394 petitione.
1102 2304 1291 2370 Fatendum
1306 2313 1377 2384 est,
1398 2313 1450 2368 sat

320 2415 455 2481 diificiie
475 2439 549 2483 esse
569 2419 872 2506 adimplementum
891 2420 992 2510 hujus
1011 2419 1238 2500 condicione,
1259 2419 1449 2507 praesertim

320 2530 354 2594 in
375 2531 415 2594 iis
434 2531 646 2619 regionibus,
668 2533 725 2599 ubi
744 2557 818 2599 rara
839 2543 918 2600 sunt
937 2533 1105 2622 stipendia
1124 2535 1318 2599 missarum.

365 2645 397 2710 3⁰
417 2673 433 2706 α
457 2645 581 2728 Docto,
613 2649 667 2713 cui
692 2649 836 2736 dejure,
866 2649 908 2714 de
941 2657 1053 2714 secuta
1090 2649 1271 2713 missarum
1303 2648 1449 2713 celebra-

321 2760 419 2826 tione.
449 2788 464 2823 »
487 2761 568 2826 Haec
593 2762 747 2828 condicio
774 2787 842 2828 non
871 2785 1007 2851 semper
1040 2763 1223 2850 requiritur
1250 2763 1328 2850 jure
1359 2785 1448 2828 com·

319 2877 429 2956 muni;
458 2877 592 2964 quando
617 2878 707 2943 enim
732 2877 941 2959 sacerdotes,
969 2877 1093 2967 quibus
1118 2878 1240 2942 missas
1264 2876 1448 2942 committi-

320 3011 411 3070 mus,
439 2998 519 3056 sunt
546 2991 639 3056 omni
662 2991 861 3079 exceptione
888 2992 1050 3080 majoreS,
1079 3013 1222 3080 prorsus
1246 2990 1378 3055 inutilis
1397 2995 1444 3055 est

319 3104 378 3168 ilia
401 3105 523 3170 cautio.
551 3143 594 3155 -·-
617 3107 760 3184 Verum,
783 3109 817 3172 in
841 3130 922 3172 casu
946 3107 987 3171 de
1007 3128 1074 3193 quo
1093 3105 1242 3193 agimus,
1266 3104 1447 3192 requiritur

319 3215 560 3282 documentum
587 3219 628 3284 dc
657 3219 841 3307 adimpleta
874 3205 1056 3285 missarum
1087 3218 1332 3306 celebratione,
1369 3217 1444 3305 quia

320 3351 408 3416 saepe
428 3330 658 3396 moderatores
678 3333 932 3421 ephemeridum
956 3334 1078 3400 missas
1097 3332 1317 3416 committunt
1337 3355 1445 3397 sacer-

319 3441 468 3524 dotibus,
490 3467 576 3533 quos
595 3447 689 3512 nullo
710 3449 810 3513 modo
826 3456 1005 3514 noverunt.

391 3793 463 3867 55.
485 3795 538 3851 De
557 3798 741 3865 praecepto
762 3795 1043 3853 transmittendi
1063 3795 1109 3852 ad
1130 3795 1374 3867 Episcopum,

479 3888 520 3946 tn
541 3888 618 3946 tine
639 3889 744 3958 anni,
765 3890 913 3961 reliqua
932 3891 1139 3948 missarum
1158 3905 1284 3949 onera.

367 4125 460 4194 109.
481 4165 525 4175 -
544 4125 657 4194 Finis
675 4123 797 4212 hujus
816 4127 1017 4212 praeoqpti.
1045 4163 1087 4175 -
1107 4125 1250 4191 Relatus
1269 4132 1322 4191 est
1343 4149 1442 4213 supra

320 4239 371 4315 (n.
396 4239 494 4325 102,
514 4239 565 4325 2⁰)
591 4245 707 4304 textus
727 4239 829 4328 hujus
847 4239 1006 4327 praecepti
1027 4237 1080 4324 (in
1100 4239 1235 4305 decreto
1262 4239 1440 4324 Vipilanti,
