3224 5044
331 525 382 579 tto
814 527 857 578 DE
875 526 975 578 mssa

329 670 441 734 milari
460 669 610 735 eeclesiae
630 692 690 736 seu
710 669 784 736 loco
804 670 876 759 pio,
899 677 933 734 et
956 670 1097 759 proinde
1117 692 1186 734 non
1205 669 1319 735 valere
1339 677 1463 734 eontra

329 784 438 871 ipsam
471 783 758 872 praescriptionem
794 784 859 850 nisi
892 783 1195 872 quadragenariam
1225 807 1304 849 cum
1337 783 1460 865 titulo,

327 903 403 976 aut,
426 897 498 962 sine
518 897 635 979 titulo,
657 897 972 963 immemorabilem.

491 1215 564 1289 54.
586 1217 639 1273 De
659 1213 880 1273 reductione
898 1229 1059 1273 onerum
1080 1214 1300 1272 missarum.

375 1423 442 1490 73.
462 1461 506 1470 -
526 1421 644 1488 Notio
668 1421 831 1507 praevia.
852 1459 895 1468 -
924 1419 962 1484 ln
987 1443 1127 1507 genere,
1154 1419 1278 1485 dicitur
1307 1419 1462 1482 reductio

328 1535 527 1616 missarum,
557 1533 692 1621 quando
718 1556 880 1598 numerus
909 1533 1090 1598 missarum
1109 1535 1331 1620 praescriptus
1361 1557 1381 1597 a
1402 1533 1462 1618 pio

326 1645 516 1732 fundatore
539 1649 738 1712 auctoritate
769 1649 969 1732 competenti
995 1649 1180 1731 minuitur,
1201 1655 1240 1712 ut
1260 1648 1289 1712 si
1309 1646 1463 1736 praescri·

328 1761 434 1850 pserit
458 1770 597 1828 centum
622 1784 752 1826 annuas
776 1763 914 1844 missua,
937 1770 970 1827 et
997 1763 1202 1827 reducantur
1225 1762 1267 1827 ad
1288 1761 1462 1849 quinqua-

328 1877 438 1967 ginta.
466 1915 510 1928 -
537 1875 603 1942 Sed
629 1899 752 1962 magna
778 1877 926 1942 varietas
952 1899 1027 1942 esse
1058 1883 1171 1966 potest
1201 1876 1236 1940 in
1262 1875 1398 1941 casibus
1428 1883 1461 1939 et

330 1992 441 2058 causis
469 1991 721 2071 reductionum;
756 1991 937 2078 aliquando
969 1993 1059 2056 enim
1091 1991 1216 2056 fundus
1241 1991 1298 2055 vel
1328 1989 1462 2054 reditus

330 2106 495 2192 assignati
519 2129 538 2170 a
561 2105 617 2192 pio
642 2105 833 2184 fundatore,
860 2129 901 2168 en
918 2115 1017 2191 parte
1032 2107 1231 2191 perierunt,·
1255 2103 1458 2192 aliquando,

331 2219 365 2281 in
386 2219 459 2305 ipso
479 2219 595 2284 limine
621 2218 843 2302 fundationis,
873 2220 1000 2284 reditus
1024 2220 1187 2307 assignati
1214 2225 1293 2283 sunt
1324 2219 1462 2303 insuffi-

246 2335 257 2360 ⁹
330 2332 451 2394 cientes
458 2349 471 2412 ,·
490 2331 672 2420 aliquando
693 2332 846 2398 fundatio
867 2333 954 2398 lacta
969 2341 1033 2411 est,
1049 2356 1117 2398 non
1133 2333 1252 2397 ultima
1268 2331 1458 2410 voluntate,

332 2445 392 2509 sed
408 2467 467 2531 per
486 2453 712 2531 contractum,
735 2472 768 2512 v.
791 2471 840 2534 g.,
864 2447 1044 2512 donatione
1064 2471 1205 2514 onerosa
1231 2448 1320 2511 inter
1342 2446 1458 2526 vinee,

330 2565 412 2639 etc,
430 2565 495 2625 eto.
513 2560 761 2626 —Dicendum
782 2569 859 2627 est:
883 2566 913 2628 l.
937 2541 988 2627 De
1006 2569 1175 2652 potestate
1195 2561 1340 2626 faciendi
1359 2560 1461 2625 redu-

333 2673 481 2754 ctiones,
504 2714 546 2724 -
567 2676 599 2742 2.
623 2677 672 2741 De
692 2677 793 2742 modo
814 2676 957 2742 faciendi
977 2678 1220 2742 reductiones·

542 2945 566 3011 l.
595 2946 645 3010 DE
670 2965 846 3011 POTESTATE
870 2965 1013 3010 uncinum
1039 2964 1252 3010 REDUCTIONES

378 3167 446 3235 ⁷4.
481 3207 523 3244 :-
552 3168 733 3236 Potestas
767 3167 983 3235 reducendi
1014 3187 1116 3235 onus
1149 3168 1384 3248 missarum,
1418 3167 1462 3233 in

332 3299 478 3366 genere
501 3281 654 3350 Sanctae
680 3281 772 3350 Sodi
792 3287 1032 3350 reservetur.

380 3395 412 3455 l⁰
434 3393 607 3459 Concessio
634 3397 840 3460 Tridentinae.
862 3434 907 3443 —
926 3393 1117 3460 Concilium
1137 3396 1243 3474 Trid,
1260 3417 1290 3460 c.
1318 3396 1463 3459 Contin-

333 3507 384 3592 9it
394 3529 490 3592 sepe,
505 3509 537 3588 l,
551 3531 634 3574 sess.
651 3510 756 3592 XXV,
773 3510 824 3574 De
839 3531 924 3592 nen,
940 3509 1083 3598 loquens
1097 3511 1137 3574 de
1151 3533 1231 3575 casu
1245 3533 1312 3598 quo
1326 3509 1462 3574 contin-

333 3623 419 3710 git«
441 3624 496 3687 vel
516 3631 587 3688 tam
606 3646 769 3711 magnum
788 3625 967 3690 missarum
988 3623 1462 3720 celebrandarumlnumerum

335 3761 377 3803 ex
397 3737 501 3803 variis
521 3737 758 3804 defunctorum
777 3739 903 3803 relictis
923 3739 1121 3827 impositum
1140 3761 1231 3820 esse,
1254 3745 1291 3803 ut
1310 3737 1381 3802 illis
1402 3761 1462 3827 pro

333 3853 482 3940 singulis
502 3852 621 3918 diebus
641 3853 891 3918 atestatoribus
906 3854 1113 3942 praescriptis
1126 3860 1273 3942 nequeat
1289 3853 1461 3934 satisfieri,

336 3967 390 4032 vel
421 3967 673 4052 eleemosynam
706 3966 900 4054 hujusmodi
938 3991 999 4057 pro
1032 3967 1101 4034 illis
1132 3967 1345 4033 celebrandis
1377 3969 1462 4033 adeo

337 4097 474 4146 tenuem
504 4103 577 4146 esse
607 4089 645 4146 ut
671 4105 739 4146 non
767 4081 863 4147 facile
894 4083 1102 4162 inveniatur,
1134 4083 1192 4170 qui
1219 4083 1303 4148 velit
1327 4082 1407 4148 huie
1427 4106 1462 4147 se

335 4195 466 4260 muneri
495 4195 660 4285 subjicere
687 4224 720 4270 n,
751 4197 918 4262 concessit
946 4205 1018 4262 tum
1044 4197 1219 4286 Episcopis
1244 4198 1277 4262 in
1303 4197 1459 4284 Synodo,

336 4314 407 4371 tum
433 4309 625 4376 Abbatibus
649 4319 682 4377 et
707 4311 929 4378 Generalibus
954 4311 1120 4378 Ordinum
1149 4312 1183 4376 in
1208 4312 1278 4376 suis
1303 4310 1462 4398 capitulis
