3224 5044
309 477 1179 540 ΒΕΟΙΠΒΠὸὓΑΜ111111811Τ111118ΑΡΡΒΙΟΑΝΒΙ11188111
1259 479 1308 532 los
1353 497 1355 502 ·

179 622 300 688 officiis
318 629 420 711 atque
440 621 598 688 oneribus
618 646 705 688 curae
725 621 926 712 episcopalis
946 621 1111 687 obnoxios
1124 627 1144 688 ¹.
1171 649 1187 684 n
1207 623 1319 689 Atta--

179 760 276 818 men,
296 743 336 802 ut
355 735 480 802 ibidem
498 737 610 825 pergit
637 735 813 818 Pontifex,
834 760 876 801 ex
896 736 1036 802 caritate
1055 736 1152 802 decet
1171 759 1229 802 eos
1248 737 1308 802 ali·

179 850 317 938 quando
342 849 512 916 celebrare
536 874 598 939 pro
623 852 695 916 suis
723 851 891 932 ecclesiis,
914 850 948 920 in
973 857 1043 915 tam
1072 849 1195 916 misero
1216 856 1308 917 statu

180 964 312 1051 positis

225 1081 260 1144 5⁰
278 1078 327 1142 De
350 1079 515 1166 Episcopo
535 1080 747 1166 coadjutore.
769 1118 812 1128 -
833 1079 896 1144 Hic
915 1101 983 1144 non
1004 1087 1139 1145 tenetur
1163 1080 1206 1144 ad
1225 1079 1307 1144 mis-

179 1215 253 1282 sam
268 1214 335 1278 pro
358 1193 508 1279 populo;
525 1192 588 1259 hac
617 1193 708 1258 enim
728 1193 933 1280 obligatione
957 1200 1093 1258 tenetur
1116 1193 1305 1290 coadjutus,

180 1329 249 1370 non
272 1305 463 1394 coadjutor3
491 1306 585 1373 solus
609 1307 700 1373 enim
729 1307 907 1394 coadjutus
934 1313 986 1372 est
1012 1329 1090 1372 vere
1110 1313 1144 1372 et
1173 1307 1308 1394 proprie

179 1421 359 1509 episcopus
387 1421 466 1486 talis
495 1420 667 1502 dioecesis3
694 1427 830 1488 tenetur
857 1444 938 1506 ergo
969 1420 1063 1485 solus
1093 1421 1157 1486 hoc
1188 1442 1304 1500 onere,

180 1536 272 1622 quod
290 1535 410 1623 implet
429 1535 484 1600 vel
504 1557 565 1624 per
584 1559 638 1618 se,
660 1536 731 1616 vel,
758 1535 787 1599 si
810 1534 1025 1624 impediatur,
1047 1535 1241 1622 paralium.
1263 1571 1307 1586 ·-

181 1647 373 1737 Excipitur,
404 1648 432 1714 si
458 1649 634 1737 coadjutor
664 1651 763 1715 datus
788 1650 832 1715 sit
861 1648 1029 1738 Episcopo
1063 1649 1096 1713 in
1122 1649 1306 1715 amentiam
1363 1641 1364 1644 ¹

181 1761 336 1850 delapso,
358 1770 441 1828 tunc
465 1763 556 1828 enim
587 1763 764 1852 coadjutor
783 1771 835 1828 est
863 1785 923 1851 per
947 1762 1060 1828 omnia
1084 1763 1181 1850 quasi
1204 1787 1307 1829 verus

181 1875 375 1965 episcopua,
393 1883 452 1943 aut
466 1877 580 1964 potius
594 1877 850 1944 administrator
865 1875 1088 1964 apostolicus,
1103 1883 1141 1941 ut
1156 1900 1217 1942 suo
1232 1877 1306 1942 loeo

179 1990 315 2056 dicitur.

225 2103 259 2170 11θ
282 2103 330 2168 De
363 2103 494 2170 Vicario
514 2105 709 2190 apostolico.
738 2143 780 2155 -
800 2106 926 2193 Agitur
944 2106 986 2170 de
1013 2105 1147 2170 Vicario
1172 2112 1306 2193 aposto·
1351 2119 1379 2194 Ἰ

181 2217 245 2282 lico
266 2219 300 2282 in
320 2217 405 2283 locis
425 2219 626 2288 missionum
644 2219 779 2308 posito:

223 2355 255 2397 a.
283 2331 322 2396 ln
337 2331 422 2397 locis
440 2333 661 2417 missionum,
685 2335 719 2400 1η
738 2335 864 2421 quihus
879 2335 1030 2400 noudum
1050 2334 1196 2399 dioecesis
1210 2354 1307 2400 cano-

182 2446 251 2511 nice
270 2453 378 2511 erecta
398 2453 464 2530 cat,
482 2447 636 2513 Vicarius
655 2448 862 2536 apostolicus
877 2471 946 2512 non
960 2455 1095 2513 tenetur
1110 2446 1152 2512 ad
1168 2445 1307 2512 missam

177 2581 243 2645 pro
256 2560 398 2646 populo.
416 2597 460 2610 —
475 2559 619 2627 Constat
638 2561 792 2649 pluribus
812 2560 1039 2627 decisionibus
1059 2561 1094 2627 S.
1117 2559 1243 2647 Congr.
1266 2560 1307 2625 de

182 2673 283 2762 Prop.
305 2673 399 2740 Fide.
422 2674 503 2740 Sic:
530 2677 561 2740 1.
583 2675 677 2756 lam,
701 2675 741 2742 16
762 2675 834 2762 jan.
862 2675 967 2756 1883,
989 2673 1175 2740 declaravit
1199 2697 1308 2762 neque

187 2785 335 2852 Vicarioa
354 2787 568 2873 apostolicos,
585 2811 695 2876 neque
710 2811 827 2854 eorum
847 2787 1060 2876 coadjutores
1079 2794 1137 2852 aut
1156 2787 1308 2874 Vicarios

181 2901 357 2987 generales
377 2901 484 2968 teneri
504 2902 547 2967 ad
562 2903 700 2968 missam
720 2925 780 2990 pro
801 2903 944 2992 populo,
962 2901 1022 2966 sed
1038 2907 1173 2967 tantum
1194 2901 1307 2965 docere

181 3037 222 3082 ec·
241 3014 425 3099 charitate,
448 3021 486 3080 ut
510 3017 649 3082 missam
670 3017 784 3082 dicant
804 3039 864 3103 pro
888 3016 1054 3104 populo²;
1076 3053 1120 3064 —-
1139 3015 1171 3080 2.
1195 3015 1308 3095 Quum

183 3127 265 3194 Pius
280 3127 343 3210 IX,
358 3129 392 3194 in
408 3129 533 3196 litteris
548 3130 729 3216 encyclicis
745 3129 994 3213 Amantissimi,
1008 3129 1062 3194 die
1078 3129 1097 3196 3
1111 3128 1190 3194 maii
1207 3127 1305 3210 1858,

182 3243 294 3325 §.lam
318 3263 393 3307 uero
405 3243 429 3327 ³,
460 3243 703 3310 declarasset«
733 3245 898 3332 parochos
925 3245 1076 3332 aliosque
1099 3265 1214 3310 omues
1237 3233 1308 3308 riui·

184 3377 319 3421 marum
338 3377 458 3422 curam
476 3366 552 3422 actu
575 3357 734 3423 babentes
752 3357 875 3424 debere
894 3358 1007 3425 missae
1026 3358 1227 3424 sacrificium
1246 3381 1309 3446 pro

183 3469 308 3556 populo
324 3469 389 3535 sibi
404 3470 597 3536 concredito
612 3493 773 3560 peragere
793 3499 821 3553 n,
839 3472 977 3560 quidam
987 3471 1112 3537 Vicarii
1131 3472 1308 3559 apostolici

182 3583 304 3648 iterum
334 3590 435 3672 atque
467 3584 590 3650 iterum
620 3583 819 3650 dubitarunt
847 3592 961 3652 utrum
985 3584 1114 3673 aliquid
1140 3590 1308 3650 mutatum

183 3703 272 3762 esset
294 3697 327 3760 in
347 3698 575 3764 decisionibus
597 3699 689 3787 ipsos
715 3699 963 3786 spectantibuS‚
988 3699 1131 3786 ideoque
1156 3697 1309 3787 postula-

182 3817 287 3876 runt:
320 3813 413 3876 «An
452 3811 576 3876 Vicarii
605 3813 780 3898 apostolici
807 3819 841 3878 et
867 3811 1069 3877 missionarii
1098 3811 1157 3899 qui
1188 3811 1309 3898 quovis

183 3923 284 3988 modo
312 3925 502 4012 suscipiunt
529 3925 717 3991 animarum
743 3949 858 3991 curam
885 3926 918 3990 in
950 3925 1063 4013 aliquo
1083 3924 1307 3990 determinato

215 4135 223 4168 ¹
242 4135 340 4183 Leonis
354 4135 417 4183 Χ111
434 4137 514 4194 Acta,
532 4137 581 4186 loc.
597 4137 653 4195 rit,
670 4154 695 4201 p.
712 4143 751 4186 92.

215 4215 227 4250 ¹
244 4214 416 4264 Colleclanea
435 4216 462 4266 S.
479 4217 575 4280 Congr.
592 4219 625 4270 dc
638 4217 719 4280 Prop.
737 4217 815 4276 Fide,
829 4233 854 4266 n.
871 4223 914 4274 9³,
931 4233 958 4280 p.
974 4221 1011 4266 11.

216 4293 283 4342 ³Pii
300 4293 337 4343 lx
353 4296 431 4355 Arta,
447 4297 553 4354 Romoe,
571 4301 642 4355 leot,
659 4301 678 4346 t.
694 4313 735 4348 m.
751 4313 778 4362 p.
795 4303 832 4347 21.
