3180 5024
313 481 364 539 194
795 479 837 529 on
855 478 957 530 mssa

311 625 536 712 eleemosynis
558 623 806 712 permutatione
830 620 999 702 hauritur,
1020 644 1089 702 non
1113 621 1148 686 in
1171 621 1346 709 proprium
1371 621 1443 685 col-

310 740 489 827 ligentium
521 737 755 818 commodum,
792 735 852 800 sed
889 735 925 800 in
955 735 1088 823 piarum
1120 735 1376 800 institutionum
1408 741 1442 800 et

311 853 477 920 bonorum
496 875 636 941 operum
655 874 757 916 usum
775 850 832 916 vel
855 849 1103 915 incrementum
1122 849 1348 938 impenditur;

358 994 374 1028 «
400 967 432 1033 l.
455 967 511 1032 An
535 967 625 1054 turpi
650 965 868 1030 mercimonio
895 970 1114 1046 concurrant,
1139 963 1281 1052 ideoque
1313 963 1444 1052 impro-

311 1080 413 1147 bandi
432 1088 534 1170 atque
558 1081 660 1146 etiam
683 1079 877 1161 coercendi,
899 1085 937 1144 ut
961 1103 1079 1166 supra,
1107 1079 1175 1144 sint
1200 1079 1239 1160 ii,
1261 1079 1321 1166 qui
1344 1100 1445 1143 acce-

310 1203 388 1285 ptas
400 1220 420 1261 a
432 1194 587 1261 fidelibus
600 1195 656 1260 vel
669 1194 753 1259 locis
772 1195 838 1282 piis
857 1195 1091 1281 eleemosynas
1106 1195 1286 1258 missarum
1301 1193 1444 1258 tradunt

310 1310 520 1400 bibliopolis,
558 1306 817 1390 mercatoribus,
854 1307 996 1396 aliisque
1029 1331 1144 1374 earum
1182 1307 1442 1391 collectoribus,

310 1427 381 1492 sive
400 1426 574 1513 recipiant,
597 1424 668 1488 sive
688 1444 756 1486 non
776 1423 939 1510 recipiant
958 1423 1143 1512 quidquam
1162 1421 1205 1488 ab
1217 1422 1339 1488 iisdem
1355 1448 1445 1513 pra}-

309 1539 367 1604 mii
386 1539 541 1616 nomine,

356 1680 372 1712 «
399 1654 430 1718 5.
457 1653 513 1717 An
541 1653 633 1740 turpi
657 1651 875 1718 mercimonio
899 1658 1118 1735 concurrant,
1145 1653 1287 1742 ideoque
1312 1653 1445 1742 impro-

308 1766 412 1834 bandi
431 1773 465 1832 ct
488 1766 680 1847 coercendi,
702 1773 740 1830 ut
760 1790 878 1855 supra,
901 1767 970 1831 sint
989 1766 1013 1830 ii
1032 1767 1090 1854 qui
1110 1791 1129 1832 a
1148 1767 1248 1831 dictis
1272 1765 1445 1856 bibliopo-

308 1883 352 1948 lis
371 1889 405 1947 et
424 1879 666 1946 mercatoribus
685 1881 852 1967 recipiunt
876 1903 936 1968 pro
954 1881 1067 1945 missis
1086 1879 1298 1946 celebrandis
1320 1881 1443 1962 libros

309 1998 437 2062 aliasve
468 2019 612 2068 merces,
646 1994 766 2060 harum
796 1996 903 2084 pretio
932 1993 1003 2060 sive
1037 1995 1215 2060 imminuto
1247 1995 1319 2060 sive
1351 1997 1446 2061 intc-

308 2132 385 2199 gro;

342 2221 371 2283 ἀ
394 2225 425 2288 6.
447 2224 503 2288 An
528 2223 644 2288 illicite
669 2230 771 2311 agant
794 2224 818 2288 ii
838 2224 912 2312 qui,
934 2247 994 2312 pro
1018 2223 1132 2288 missis
1151 2223 1330 2290 celebratis
1354 2227 1446 2292 reci—

308 2337 421 2425 piunt,
439 2336 598 2423 stipendii
613 2337 704 2419 loco,
722 2337 826 2403 libros
838 2339 894 2407 uel
909 2338 993 2404 alias
1008 2361 1154 2420 merceS,
1171 2339 1303 2404 seclusa
1318 2341 1446 2428 quavis

308 2449 538 2538 negotiatione
559 2450 613 2515 vel
629 2453 738 2538 turpis
757 2451 842 2516 lucri
861 2453 988 2539 specie;

354 2591 370 2624 «
398 2565 429 2631 7.
456 2565 513 2630 An
538 2565 638 2630 liceat
663 2566 849 2654 episcopis,
879 2566 952 2632 sine
976 2567 1115 2654 speciali
1138 2569 1175 2635 S.
1198 2568 1295 2634 Sedis
1319 2571 1442 2648 venia,

309 2701 351 2745 ex
370 2679 596 2767 eleemosynis
619 2679 816 2764 missarum,
844 2703 929 2769 quas
952 2679 1070 2746 fideles
1094 2682 1335 2749 celebrioribus
1359 2707 1442 2749 san·

309 2795 448 2860 ctuariis
467 2795 599 2860 tradere
620 2787 748 2876 sol‘cnt,
771 2795 899 2883 aliquid
919 2795 1107 2878 detrahere,
1129 2805 1303 2863 uteorum
1325 2798 1442 2864 decori

310 2917 344 2974 et
370 2915 569 2974 ornamento
596 2907 809 2991 consulatur,
843 2909 977 2998 quando
1009 2913 1196 2998 praesertim
1227 2935 1266 2978 ea
1291 2913 1444 3001 propriis

310 3001 475 3088 reditibus
494 3029 645 3095 careant:
1154 3017 1157 3022 ’

343 3163 372 3196 -«
397 3135 433 3217 8,
455 3137 534 3203 9¹...

356 3277 371 3308 «
396 3247 527 3326 Quibus
553 3249 666 3315 dubiis
692 3273 760 3316 non
786 3251 891 3316 semel
917 3251 950 3316 in
975 3255 1121 3342 propriis
1146 3257 1292 3322 comitiis
1319 3257 1443 3324 sedulo

312 3368 345 3427 et
368 3368 522 3426 accurate
547 3365 740 3452 perpensis,
770 3363 907 3430 tandem
935 3367 969 3431 in
998 3372 1261 3458 congregatione
1288 3373 1443 3460 generali

311 3473 466 3542 habita...
489 3476 543 3541 die
563 3478 604 3544 25
621 3479 699 3566 julii
720 3478 822 3561 1874,
845 3479 946 3545 iidem
967 3483 1044 3548 Emi
1064 3485 1182 3550 Patres
1201 3486 1236 3551 in
1255 3485 1347 3552 hunc
1367 3510 1443 3552 mo-

310 3591 391 3658 dum
411 3591 684 3680 respondendum
704 3601 925 3677 censuerunt,
947 3595 1106 3662 videlicet
1125 3617 1134 3664 ¹:

356 3735 371 3768 «
390 3706 447 3772 Ad
468 3705 497 3772 l.
516 3705 740 3774 Affirmative.

356 3850 371 3884 a
395 3821 452 3887 Ad
470 3823 502 3889 2.
525 3824 702 3912 Negative.

356 3963 372 3996 a
395 3937 451 4002 Ad
470 3937 502 4003 3.
524 3939 749 4006 Affirmative.

312 4061 316 4066 '
358 4079 374 4112 a
395 4051 451 4117 Ad
471 4053 503 4119 l.
519 4053 743 4120 Affirmative.

344 4285 354 4318 t
370 4285 490 4343 Quaesita
505 4287 568 4335 Vlll
581 4291 608 4337 ct
624 4288 660 4336 [X
675 4290 727 4338 huc
743 4306 794 4340 non
809 4291 957 4356 pertinent.
