3246 5026
289 503 340 554 358
772 501 816 550 ut
834 499 931 551 tussa

288 647 362 706 solis
381 645 541 727 capitulis.
562 644 716 718 collegiis.
737 642 955 709 societatibus,
975 643 1269 722 congregationibus
1290 663 1412 701 necnon

287 741 432 802 omnibus
451 749 481 800 et
501 739 631 819 singulis
650 739 866 803 eeclesiarum.
888 739 1010 820 piorum
1031 738 1188 804 locorum.
1206 729 1269 799 tam
1293 739 1413 798 seculu-

288 839 384 901 rium.
409 858 502 918 quam
530 837 718 914 regularium
745 835 974 916 superioribus.
999 835 1039 894 de
1064 835 1179 916 quibus
1205 835 1239 895 lit
1266 856 1411 916 expressa

287 935 416 1001 mentio,
431 955 492 993 non
509 941 612 992 autem
628 933 756 1012 privatis
770 931 993 1004 sacerdotibus,
1005 933 1058 1012 qui
1071 939 1174 992 tamen
1189 929 1412 1012 comprehendi

287 1031 434 1090 videntur
449 1029 507 1090 sub
521 1029 660 1088 clausula
676 1028 812 1108 generali
824 1033 869 1104 (et
880 1027 955 1088 aliis
967 1027 1010 1088 ad
1021 1049 1099 1111 quos
1111 1027 1279 1110 pertinet),
1295 1027 1415 1108 suppli·

286 1133 386 1198 catur,
404 1147 460 1206 pro
475 1134 651 1207 opportune
667 1125 901 1184 declaratione?

326 1223 426 1284 XVll.
441 1225 542 1304 Super
556 1223 689 1301 septimo
704 1221 843 1302 ejusdem
859 1220 976 1300 Congr.
990 1221 1128 1287 decreto,
1144 1241 1207 1301 quo
1221 1227 1360 1287 caretur,
1378 1229 1414 1278 ut

287 1321 317 1380 in
334 1319 463 1396 singulis
483 1319 679 1378 monasteriis
700 1318 914 1396 religiosorum
932 1317 1111 1398 preligatur
1124 1337 1289 1382 numerus,
1305 1317 1359 1397 qui
1374 1338 1412 1375 ex

286 1417 444 1476 consuetis
469 1416 634 1486 reditibus,
661 1423 715 1474 aut
736 1415 943 1493 eleemosynis
964 1413 1127 1474 commode
1149 1414 1269 1493 possint
1291 1421 1412 1472 susten-

287 1513 364 1582 tari;
381 1513 533 1592 queeritur
548 1533 602 1579 nn,
620 1512 671 1570 ubi
689 1511 754 1569 brec
774 1510 913 1590 pnefixio
929 1509 1010 1570 lacta
1021 1510 1087 1590 jam
1104 1509 1161 1569 luit
1177 1511 1208 1569 in
1224 1511 1286 1568 iim
1301 1510 1414 1569 similis

286 1609 403 1668 decreti
430 1615 544 1667 sanctu·
571 1628 701 1666 memor.
728 1607 815 1666 Pauli
840 1608 877 1680 V,
902 1607 1020 1687 absque
1049 1615 1151 1666 tamen
1178 1607 1413 1687 computatione

287 1705 444 1766 redituum
458 1703 611 1786 cujusque
628 1703 780 1781 religiosi,
797 1703 836 1761 sit
851 1703 956 1762 denuo
971 1703 1127 1771 facienda,
1145 1723 1202 1762 nec
1217 1705 1279 1762 ne?

327 1801 441 1862 XVlll.
466 1803 514 1861 An
543 1801 668 1866 novitii.
692 1799 730 1859 ad
758 1799 899 1858 habitum
927 1800 1100 1878 regularem
1125 1799 1267 1865 admissi,
1292 1799 1412 1880 possint

286 1897 409 1960 admitti
434 1897 472 1956 ad
498 1898 721 1978 professionem
748 1897 778 1956 in
803 1896 1016 1968 monasteriis,
1040 1896 1071 1954 in
1093 1895 1207 1976 quibus
1231 1895 1352 1964 habita,
1377 1903 1413 1954 ut

287 2017 396 2076 supra,
414 1995 594 2075 praefixione
610 1993 748 2066 numeri,
765 1992 928 2052 commode
943 1993 983 2052 ali
999 2013 1061 2052 non
1077 1994 1232 2072 possunt?

327 2090 409 2150 XlX.
432 2091 532 2170 Super
552 2090 678 2156 ultimo,
701 2111 763 2169 quo
783 2097 923 2162 cavetur,
946 2097 978 2148 ut
1000 2087 1110 2148 nullibi
1131 2089 1322 2168 recipiantur
1340 2109 1415 2148 con-

288 2194 400 2246 ventus
421 2185 624 2260 regularium,
648 2187 722 2255 nisi,
740 2195 854 2266 praeter
872 2185 930 2246 alia
951 2184 989 2244 ad
1010 2186 1039 2245 id
1063 2185 1226 2266 requisita,
1246 2185 1414 2245 duodecim

287 2282 396 2342 saltem
414 2281 525 2339 tratres
545 2281 575 2340 in
596 2282 639 2340 eis
660 2281 787 2359 degero,
805 2290 836 2342 et
855 2289 1070 2362 competenter
1088 2283 1255 2341 sustentari
1272 2282 1413 2349 valeant,

287 2379 329 2438 ita
351 2385 385 2438 ut
403 2375 541 2458 alioquin
561 2377 684 2437 subsint
695 2377 907 2458 jurisdictioni
923 2378 1105 2452 ordinariae;
1122 2379 1283 2460 quaeritur,
1300 2399 1339 2437 an
1355 2378 1418 2436 boe

288 2477 465 2548 decretum,
482 2475 566 2555 quod
581 2475 706 2535 videtur
720 2475 838 2536 editum
858 2476 890 2534 in
905 2475 1014 2534 ordine
1029 2475 1066 2535 ad
1086 2475 1327 2536 celebrationem
1344 2475 1417 2533 mis-

289 2593 409 2644 sarum,
442 2571 685 2653 comprehendat
713 2593 764 2631 eas
794 2572 974 2650 religiones,
1005 2592 1074 2653 quae
1103 2593 1164 2630 non
1195 2571 1414 2632 consueverint

289 2689 384 2730 onera
405 2669 568 2728 missurum
589 2669 741 2749 recipere,
764 2676 797 2728 ut
818 2675 892 2728 sunt
911 2667 1076 2746 religiones
1093 2668 1359 2748 Capuecinorum,
1381 2689 1420 2726 ac

290 2766 455 2826 Societatis
469 2766 567 2826 lesu?

332 2863 399 2922 XX.
421 2863 469 2920 An
490 2862 571 2922 idem
592 2861 769 2934 decretum,
792 2860 842 2920 ubi
863 2860 1019 2940 disponit,
1041 2867 1075 2919 ut
1096 2860 1206 2920 nullibi
1227 2860 1421 2940 recipiantur

291 2959 494 3032 monasteria,
513 2958 570 3018 nisi
591 2965 665 3030 ete,
683 2956 795 3018 habeat
811 2957 913 3017 locum
927 2957 957 3015 in
976 2955 1063 3017 ltalia
1077 2956 1254 3029 dumtaxat,
1271 2955 1418 3036 adquam

291 3063 338 3114 est
366 3055 541 3115 restrictum
569 3055 729 3114 decretum
758 3053 899 3134 proxime
925 3052 1128 3126 antecedens,
1157 3075 1195 3114 an
1221 3075 1295 3113 vero
1324 3053 1419 3112 ctiam

291 3157 378 3210 extra
396 3150 515 3210 ltaliam
525 3153 539 3210 'l

394 3363 631 3425 Ileelarutiones
646 3385 698 3426 seu
715 3364 933 3447 responsiones
949 3363 991 3425 ad
1005 3363 1187 3446 supradicte
1205 3363 1316 3424 dubia.

335 3528 428 3588 Sacra
451 3527 659 3606 Congregatio
683 3527 895 3588 Cordinalium
918 3526 1040 3588 concilii
1065 3525 1239 3586 Tridentini
1265 3526 1422 3607 lnterprc-

295 3633 378 3696 tum,
395 3625 581 3684 auctoritate
596 3624 653 3682 sibi
670 3645 686 3683 a
702 3624 897 3684 sanctissimo
917 3623 1052 3684 Domino
1068 3631 1176 3682 nostro
1198 3623 1363 3692 attributa,
1381 3624 1420 3682 ad

294 3719 415 3799 singula
440 3721 532 3780 dubia
558 3721 700 3800 superius
725 3721 900 3802 proposita,
924 3719 962 3779 nd
986 3720 1069 3778 hune
1091 3719 1218 3778 modum
1242 3719 1420 3800 respondit,

242 3853 250 3868 ·
294 3815 463 3876 videlieet:

335 3911 383 3972 Ad
400 3911 424 3970 l.
446 3911 509 3970 Etsi
526 3911 661 3991 legatum
678 3913 719 3972 sit
733 3911 810 3971 adeo
826 3919 930 3982 tenue,
948 3911 1151 3972 nibilominus
1166 3933 1223 3992 pro
1239 3911 1423 3973 reductione

294 4008 408 4082 oneriS,
426 4015 459 4068 ut
478 4029 582 4089 supra,
600 4009 747 4089 impositi,
764 4007 803 4068 ab
818 4007 867 4080 iis,
884 4008 922 4067 ad
943 4029 1022 4089 quos
1042 4009 1193 4090 pertinet,
1210 4009 1321 4068 Sedem
1338 4010 1423 4090 Apo-

295 4103 435 4165 stolienm
456 4125 523 4164 esse
542 4104 733 4177 adeundam,
753 4124 822 4184 quse
844 4104 961 4186 absque
985 4105 1046 4166 ulla
1070 4105 1209 4185 impensa
1234 4104 1265 4164 id
1288 4113 1420 4180 statuet,

295 4199 378 4279 quod
400 4200 497 4278 magis
520 4200 550 4260 in
571 4200 707 4261 Domino
730 4222 745 4260 e
768 4221 800 4260 re
823 4221 889 4260 esse
908 4200 1106 4282 judicaverit.
1132 4201 1372 4274 Verumtamen,
1397 4202 1423 4260 si

294 4293 360 4372 ipsa
388 4297 418 4354 in
449 4296 589 4356 beneficii
614 4297 770 4356 erectione
801 4317 945 4376 expresse
973 4305 1099 4357 cautum
1129 4297 1238 4370 luerit,
1267 4304 1307 4382 ut.
1330 4297 1423 4358 liceat
