3174 5046
317 473 360 522 DE
379 471 629 524 cununnanous
650 471 805 523 PLURIUII-
818 471 990 524 Mtssnnuu
1011 473 1078 524 Una
1097 475 1153 523 DIE
1262 473 1295 524 67

171 645 185 676 o
209 639 345 682 sacrum
361 616 470 681 lacere
483 617 631 696 valeat¹3
654 643 669 676 u
690 617 719 680 si
739 616 828 681 enim
848 616 882 679 in
902 617 977 681 loco
997 617 1042 682 sit
1056 617 1193 704 quidem
1209 617 1295 683 allus

169 732 343 812 sacerdos,
366 731 426 796 sed
446 731 616 811 infirmus,
638 731 824 818 impotenS,
847 729 1064 811 interdictus,
1087 738 1166 814 etc,
1189 733 1295 798 estin

170 846 245 912 Ioco
265 846 363 931 quasi
384 867 450 909 reon
469 845 513 909 sit
520 863 535 927 ,·
549 844 639 908 -2.
658 843 846 932 Episcopus
866 851 980 931 potest
999 845 1134 933 adigere
1153 845 1295 934 presby-

170 967 298 1038 terum,
325 957 462 1024 aliunde
489 957 652 1038 liberum,
680 965 719 1024 ut
745 981 879 1023 sacrum
903 959 1020 1040 laoiat,
1049 960 1103 1025 die
1128 959 1232 1042 festo,
1253 961 1296 1026 ad

170 1071 414 1138 occurrendum
445 1071 641 1137 necessitati
665 1070 816 1138 fidelium
843 1090 850 1136 :
879 1072 970 1160 quod
1002 1072 1121 1138 dessuit
1150 1082 1224 1140 tum
1255 1097 1296 1139 ex

165 1185 242 1272 jure
271 1183 471 1272 episcopali,
502 1188 576 1248 tum
602 1207 643 1248 ex
675 1184 817 1249 concilio
848 1184 953 1267 Trid,
976 1208 1006 1251 c.
1036 1185 1101 1260 Qui
1129 1189 1201 1272 pic,
1237 1187 1294 1268 It,

170 1321 255 1363 sess.
274 1297 404 1379 XXIII,
426 1298 477 1363 Ds
497 1317 567 1365 ser.
587 1317 593 1363 :
619 1325 635 1358 u
664 1297 768 1363 Curet
784 1298 971 1386 Episcopus
990 1306 1029 1364 ut
1048 1299 1070 1363 ii
1091 1297 1298 1388 (presbyteri

171 1413 274 1477 etiam
289 1434 358 1476 non
378 1411 504 1499 curati)
525 1410 647 1476 saltem
667 1411 785 1476 diebus
803 1413 991 1496 dominicis,
1012 1422 1044 1476 et
1062 1415 1158 1499 sestis
1177 1415 1298 1479 solom-

173 1527 312 1590 nibus...
335 1526 457 1591 missas
477 1523 686 1606 celebrent²;
712 1553 728 1586 n
744 1525 835 1613 quod
856 1533 970 1592 tamen
989 1527 1144 1614 intelligo
1164 1527 1205 1593 de
1224 1550 1298 1616 pre·

172 1638 310 1726 sbytero
344 1640 542 1722 diocesano,
581 1662 649 1704 non
682 1648 857 1724 estraneo,
893 1641 927 1704 in
961 1663 1062 1728 quem
1098 1641 1160 1707 hac
1191 1641 1233 1708 de
1263 1666 1299 1708 re

168 1754 440 1842 jurisdictionem
464 1775 533 1818 non
555 1751 680 1819 habere
699 1753 835 1819 videtur
854 1754 1058 1843 Episcopus;
1080 1793 1124 1804 -
1143 1757 1174 1820 3.
1196 1756 1298 1821 Atta-

172 1889 251 1932 men
270 1867 304 1931 in
325 1889 406 1932 casu
420 1866 609 1954 Episcopus
623 1865 861 1954 presbyterum
881 1865 924 1931 ad
939 1867 1179 1933 celebrandum
1199 1869 1298 1933 indu-

172 2003 247 2045 cere
266 1980 367 2045 debet
387 2007 403 2039 «
427 1979 510 2044 solis
534 1979 827 2046 adhortationibus
847 1986 881 2044 et
904 1979 1208 2064 admonitionibus,
1230 2003 1299 2046 non

172 2117 253 2160 vero
267 2094 331 2159 sub
345 2095 456 2182 poenis
471 2101 505 2159 et
520 2094 673 2159 censuris
690 2122 705 2154 s
721 2146 727 2176 ,
749 2095 800 2159 uti
819 2094 995 2182 respondit
1010 2093 1044 2160 S.
1064 2094 1190 2182 Congr.
1209 2094 1299 2160 Con-

171 2210 257 2290 cilii,
285 2208 339 2274 die
359 2209 401 2275 25
422 2207 505 2273 lebr.
535 2208 656 2288 1617³3
679 2245 722 2258 -
747 2209 778 2276 l.
806 2208 891 2287 Quia
911 2231 991 2274 vero
1011 2232 1111 2274 nemo
1138 2237 1153 2269 o
1175 2209 1301 2274 militat

173 2324 243 2388 suis
277 2323 455 2410 stipendiis
485 2345 678 2410 unquam...
709 2311 825 2410 etqui
851 2321 948 2388 altari
979 2323 1192 2405 deserviunt,
1222 2345 1299 2388 oum

173 2438 271 2502 altari
293 2437 519 2525 participant⁴
539 2464 570 2518 »,
594 2435 782 2524 Episcopus
802 2459 918 2502 curare
938 2436 1098 2502 debetne
1123 2438 1297 2518 sacerdos,

173 2552 315 2617 alteram
350 2552 490 2616 missam
523 2550 771 2632 celebraturus,
803 2558 916 2615 careat
952 2551 1121 2638 stipendio
1149 2575 1209 2639 pro
1237 2552 1314 2634 hac,

174 2667 295 2748 missa,
317 2673 351 2731 et
371 2666 434 2729 hoc
455 2664 662 2752 stipendium
687 2665 736 2728 illi
762 2664 930 2730 tribuatur
947 2665 1040 2750 vela
1060 2665 1223 2751 parocho,
1245 2665 1301 2730 vel

173 2778 385 2860 nfidelibus‚
407 2778 462 2844 vel
486 2778 589 2844 etiam
614 2801 653 2842 ex
676 2779 810 2866 propria
835 2800 951 2842 mensa
977 2777 1175 2864 episcopali,
1196 2783 1235 2842 ut
1253 2777 1300 2842 ait

176 2893 379 2960 Benedictus
399 2892 476 2957 XIV
487 2898 508 2956 ⁵.

219 3138 288 3206 30.
312 3175 357 3186 -
380 3136 582 3213 Quaeritur
613 3137 650 3204 2⁰
678 3134 768 3210 Quid
793 3136 972 3200 dicendum
996 3135 1036 3198 dc
1062 3137 1300 3202 consuetudine

177 3253 312 3316 relative
331 3251 375 3316 ad
395 3251 621 3316 necessitatem
642 3250 852 3336 requisitam.
874 3287 917 3298 —
938 3249 1066 3337 Resp:

222 3369 254 3430 I⁰
284 3365 321 3432 Si
349 3371 470 3452 agetur
502 3364 544 3429 de
578 3362 823 3429 consuetudine
849 3386 925 3452 quae
953 3364 1128 3452 permittat
1161 3365 1300 3430 missam

175 3479 339 3546 celebrari
354 3487 451 3544 extra
466 3500 582 3544 casum
602 3478 819 3562 necessitatis,
842 3483 876 3543 et
899 3477 1040 3564 proinde
1065 3480 1232 3544 contraria
1257 3480 1301 3544 sit
1364 3497 1366 3502 ·

175 3619 204 3660 c.
229 3594 454 3676 Consuluisti,
477 3590 605 3658 servari
629 3591 758 3680 nequit.
780 3591 931 3656 —Nam
958 3591 988 3656 l.
1012 3591 1106 3657 Licet
1127 3593 1198 3657 haec
1217 3614 1301 3656 con-

176 3707 320 3774 suetudo
341 3730 409 3772 non
425 3705 617 3786 inveniatur
636 3705 670 3770 in
686 3705 762 3792 jure
784 3705 975 3791 reprobata,
999 3712 1149 3770 attamen
1165 3711 1302 3770 nonest

209 3879 216 3912 ¹
234 3877 320 3940 Epist.
337 3875 502 3934 Ilectarasti,
519 3875 606 3934 §uec
620 3875 694 3924 sunt.

207 3957 270 4008 ’ct
285 3957 385 4006 Bened.
401 3955 475 4014 XIV,
492 3955 579 4017 Epist.
594 3953 759 4014 Dectrrasti,
776 3955 893 4014 §Minos
905 3969 1023 4020 quoqne.

207 4038 311 4101 Inpuo
328 4035 444 4094 Girsldi,
461 4033 601 4098 Expositis
610 4033 686 4099 juris
698 4037 785 4099 pont„
801 4050 863 4098 pore
879 4035 903 4096 I,
920 4038 986 4084 sect.
1003 4049 1092 4091 ncvm,
1112 4033 1214 4090 Itomae,
1232 4036 1301 4094 ¹829,

176 4121 331 4257 P·⁴·l{⁵⁸s·:⁰rq
348 4213 386 4256 rx,
404 4202 426 4258 7,
444 4203 481 4245 Is.

207 4279 219 4313 ⁸
232 4277 317 4341 Epist.
333 4277 497 4335 Dectrrosti‚
513 4279 538 4336 ἓξ
553 4275 642 4324 Minus
657 4287 779 4339 quoque,
793 4277 820 4323 et
835 4273 921 4324 Porro
937 4272 1061 4337 difficile.
