3224 5044
564 463 607 516 ns
626 463 736 516 iussis
755 463 919 516 ruscius
1260 449 1308 518 iii

182 614 241 677 liat
274 610 386 700 quoad
418 609 542 674 missas
569 610 754 676 manuales.
787 647 831 658 —
856 607 940 688 Quae
976 609 1140 697 obligatio
1177 619 1312 678 constat

181 726 352 814 expressis
399 723 553 790 terminis
603 746 644 788 ex
687 723 817 788 decreto
861 723 888 790 3
928 723 964 790 S.
1013 723 1138 812 Congr.
1188 725 1308 809 Cone,
1387 811 1388 814 Ἴ

180 862 236 906 an.
256 839 373 907 16971.

226 955 259 1022 3⁰
274 955 322 1018 Dc
337 955 466 1018 retionc
482 953 663 1018 reddenda.
679 990 723 999 -
737 951 762 1016 Ii
780 952 822 1016 ad
838 975 941 1040 quos,
956 952 990 1016 in
1002 953 1145 1040 singulis
1158 954 1311 1020 ecclesiis

181 1069 236 1133 vel
255 1067 431 1149 domibus,
452 1067 599 1156 pertinet
623 1088 739 1131 curare
759 1066 801 1131 de
825 1065 1089 1154 adimplemento
1109 1069 1308 1152 missarum,

182 1189 341 1248 tenentur
367 1181 511 1268 singulis
538 1179 637 1245 annis
665 1179 831 1244 rationem
857 1179 997 1244 reddere
1023 1181 1065 1246 de
1095 1181 1185 1248 dicto
1205 1182 1311 1248 adim-

182 1296 353 1385 plemento
373 1295 485 1384 quoad
505 1293 627 1359 missas
653 1293 813 1358 fundatas
831 1293 887 1358 vel
913 1294 1104 1376 manualeS,
1126 1318 1168 1360 ex
1192 1297 1311 1362 eodem

181 1411 314 1475 decreto
337 1407 388 1478 3,·
424 1437 440 1470 «
469 1408 688 1496 Singulisque
713 1407 812 1472 annis
840 1407 882 1472 de
913 1407 1116 1496 supradictis
1149 1409 1311 1499 adimple-

183 1525 323 1606 mentis,
346 1522 572 1610 eleemosynis
592 1529 625 1588 et
649 1520 808 1586 oneribus
827 1521 952 1610 pariter
972 1531 1123 1588 ccectem
1144 1526 1310 1590 rationem

181 1640 251 1703 suis
269 1637 512 1724 Superioribus
527 1637 677 1702 reddere.
701 1663 717 1696 »
739 1635 876 1723 Agitur,
898 1642 936 1699 ut
955 1642 1065 1723 patet,
1087 1637 1132 1712 de,
1149 1638 1309 1728 Superio-

182 1751 275 1817 ribus
295 1749 461 1816 localibus
475 1755 498 1816 ².

227 1965 295 2034 67.
315 2003 359 2013 -
377 1965 436 2033 De
454 1963 666 2052 vigilantis
684 1964 873 2052 Episcopi
892 1983 962 2033 seu
987 1964 1204 2034 ordinarii.

227 2083 260 2143 l⁰
278 2079 342 2144 Jus
355 2088 388 2144 ct
407 2080 562 2165 officium
581 2087 630 2143 cst
654 2077 829 2164 Episcopi,
853 2079 887 2143 in
908 2080 1065 2144 omnibus
1089 2079 1232 2145 ecclesiis
1250 2087 1310 2144 eut

180 2193 339 2258 domibus
363 2214 430 2257 non
455 2191 674 2277 reputeribus
697 2215 764 2257 succ
793 2193 954 2276 dioecesis,
986 2193 1172 2279 udvipilnrc
1200 2194 1310 2258 edim·

177 2308 349 2393 plcmcnto
385 2307 718 2392 fundationum,.et
748 2305 890 2395 proinde
928 2308 1120 2374 executioni
1157 2307 1310 2374 omnium

180 2423 393 2488 decretorum
412 2420 475 2485 hoc
490 2419 793 2509 adimplementum
804 2421 1069 2509 respicientium.
1086 2462 1128 2474 -
1143 2422 1308 2488 Constat:

183 2539 212 2601 l.
236 2535 406 2623 Principio
419 2534 580 2621 generali,
598 2533 697 2622 juxta
714 2536 805 2624 quod
825 2536 983 2624 Episcopi
1001 2538 1154 2602 omnium
1168 2539 1310 2623 piorum

180 2651 438 2736 dispositionum
463 2657 544 2714 sunt
574 2657 786 2734 ecccutores,·
805 2649 896 2739 quod
923 2650 1125 2738 principium
1145 2651 1310 2738 scriptum

184 2765 290 2830 estin
310 2787 339 2829 c.
362 2763 433 2828 Nos
457 2763 613 2850 quidem,
636 2763 669 2845 3,
696 2771 730 2830 et
754 2787 783 2832 c.
812 2763 883 2828 Tus
908 2764 1019 2847 nobis,
1043 2766 1097 2846 I'l,
1120 2763 1170 2828 Dn
1195 2783 1309 2829 unsru-

180 2899 310 2960 unnns,
332 2885 405 2944 tum
426 2877 461 2942 in
481 2875 585 2944 Cone.
603 2877 710 2960 Trid,
732 2901 762 2942 c.
780 2877 955 2964 Episcopi,
973 2877 1005 2960 8,
1028 2900 1112 2942 sess.
1131 2876 1239 2958 XXII,
1257 2877 1309 2942 Du

181 3014 266 3074 nem,
284 3031 327 3041 -
340 2992 372 3057 2.
395 2993 545 3058 Decretis
563 2993 598 3058 S.
622 2991 661 3058 C.
679 2991 799 3074 Cone,
817 3015 872 3058 an.
893 2991 990 3072 1697,
1008 2990 1132 3080 quibus
1149 3013 1309 3080 expresse

180 3107 251 3172 baec
283 3130 362 3171 cura
388 3106 570 3172 mandetur
602 3106 814 3190 Ordineri'is,·
840 3106 915 3195 qui,
932 3107 1032 3194 juxta
1063 3106 1134 3170 haec
1158 3105 1306 3188 decreta,

179 3219 264 3286 hunc
291 3243 407 3286 curam
442 3241 598 3286 exercere
624 3227 786 3308 possunt,
819 3211 891 3286 sive
926 3221 961 3285 in
991 3220 1204 3302 visitatione,
1233 3220 1308 3285 sive

177 3340 290 3417 extre,
312 3333 383 3400 sive
404 3333 446 3399 nd
467 3333 664 3400 instantiam
684 3335 807 3422 partis,
829 3335 900 3402 sive
921 3357 961 3400 ex
987 3335 1109 3400 ollicio.
1132 3335 1182 3399 Ita
1213 3333 1306 3402 bulls

178 3449 310 3534 Nuper,
327 3453 343 3532 ,t
361 3447 598 3531 Memineriut,
621 3447 662 3512 23
676 3449 699 3513 ⁸.

222 3563 256 3626 2⁰
275 3561 379 3645 Cum,
410 3563 509 3650 juxta
546 3564 682 3628 decretu
722 3563 825 3646 1697,
862 3555 931 3628 brec
968 3586 1047 3628 cura
1081 3561 1306 3627 demandetur

177 3677 384 3760 Ordineriis‚
407 3675 583 3764 sequitur:
607 3680 638 3742 I.
661 3677 832 3742 Vicarium
853 3677 1045 3762 penerelem
1071 3683 1105 3741 et
1130 3674 1302 3740 Vicarium

174 3791 399 3876 capitularem
425 3813 500 3855 esse
526 3791 560 3854 in
580 3790 634 3854 bis
656 3791 814 3857 omnibus
833 3791 967 3879 judices
993 3795 1242 3878 competentes,
1263 3795 1302 3854 ut

209 3959 215 3992 ¹
235 3959 327 4008 Const.
343 3959 445 4022 Nuper,
461 3963 474 4019 5
490 3964 532 4020 19,
548 3975 574 4022 p.
591 3961 645 4008 469.

207 4039 218 4073 ²
234 4038 317 4089 Poenu
327 4039 512 4102 suspensionis
527 4039 581 4088 Iste
592 4039 600 4104 (
606 4040 632 4087 in
648 4039 777 4098 decretis,
794 4045 864 4100 1697,
878 4044 890 4100 ,t
902 4041 946 4105 21)
961 4041 1055 4090 contru
1070 4039 1259 4101 delinquentes
1272 4038 1300 4085 in

175 4119 257 4168 rebus
270 4119 447 4182 supradictis,
461 4119 591 4178 cessavit,
606 4123 701 4183 utpote
716 4135 769 4170 non
784 4121 869 4170 reluta
885 4121 912 4169 in
932 4123 1019 4170 const.
1035 4117 1199 4184 Apostolicae
1214 4115 1299 4167 Sedis.

206 4199 306 4248 ³Butt.
325 4199 410 4256 Item,
429 4201 448 4247 t.
466 4215 504 4258 rx,
522 4214 549 4262 p.
567 4201 621 4247 lio.
642 4225 672 4238 ·-
689 4201 728 4249 Cl.
752 4201 851 4250 Bencd.
868 4199 940 4259 XIV,
960 4201 999 4250 De
1017 4197 1135 4264 synodo,
1152 4198 1199 4247 lib.
1221 4195 1298 4258 XIII,

174 4294 198 4328 c.
212 4279 273 4338 ult,
289 4294 315 4327 n.
333 4284 354 4328 1.
