3180 5024
421 541 465 590 nn
484 539 644 610 urursrno
664 539 771 590 mssa
791 539 1014 590 rusnavreurs
1226 539 1279 594 esc
1383 507 1386 514 ’

152 689 278 754 dicitur
293 687 328 750 in
344 685 502 750 Itubricis
518 683 678 766 missalis,
695 684 775 769 pars
792 682 857 765 Ill,
878 684 928 747 De
947 685 1144 770 defectibus,
1167 687 1220 753 tit.
1243 709 1278 772 x,

154 824 189 866 n.
205 804 242 866 l:
261 827 276 860 ιι
295 799 444 864 Possunt
459 797 560 862 etiam
576 797 728 862 delectus
745 819 919 863 occurrere
938 797 972 862 in
985 798 1172 864 ministerio
1188 800 1278 887 ipso,

156 916 187 982 si
198 913 327 1001 aliquid
344 936 387 978 ex
406 911 579 1000 requisitis
601 911 644 976 ad
660 909 746 976 illud
765 911 869 994 desit,
888 919 967 978 ut...
984 912 1013 978 si
1029 936 1097 978 non
1115 914 1204 980 adsit
1216 915 1282 980 cle-

155 1030 248 1096 ricus
262 1028 318 1092 vel
337 1027 425 1092 alius
444 1025 640 1092 deserviens
660 1025 695 1089 in
714 1025 834 1108 missa,
856 1027 911 1091 vel
926 1027 1015 1091 adsit
1037 1029 1100 1113 qui
1118 1014 1283 1095 deservire
1345 1075 1356 1094 .

158 1166 224 1209 nou
245 1143 358 1225 debet,
382 1149 419 1205 ut
439 1141 574 1206 mulier.
598 1167 614 1202 ιι
638 1139 709 1203 Ιιιιο
729 1139 955 1204 communiter
974 1139 1129 1208 doctores
1147 1145 1285 1229 gravius

156 1263 300 1322 censent
329 1254 497 1324 celebrare
526 1277 603 1320 cum
639 1253 763 1318 lomina
780 1249 786 1260 '
803 1253 1033 1337 ministrante,
1072 1279 1175 1344 quam
1213 1259 1285 1325 sine

147 1371 346 1452 ,ministro⁴,
377 1375 517 1456 propter
536 1368 725 1456 periculum
750 1375 784 1432 et
810 1367 1018 1434 scandalum.
1051 1408 1095 1420 —
1122 1372 1287 1438 Attamen

160 1486 194 1549 id
215 1483 416 1571 intelligitur
436 1484 478 1550 de
498 1483 638 1548 muliere
658 1505 733 1570 quae
753 1482 854 1547 solito
869 1483 970 1548 modo
985 1483 1168 1568 ministret,
1183 1510 1217 1553 v.
1235 1512 1285 1575 g.,

160 1597 342 1687 praebendo
363 1596 535 1679 urceolos,
564 1596 745 1662 deferendo
771 1597 924 1679 missale,
951 1604 1031 1680 etc,
1058 1622 1127 1664 non
1146 1622 1227 1666 vero
1247 1601 1288 1666 de

162 1713 303 1778 muliere
334 1735 409 1800 quae
438 1718 572 1777 tantum
601 1711 804 1798 respondeat
832 1736 851 1775 a
882 1711 998 1798 longe;
1030 1713 1065 1777 in
1093 1737 1175 1778 casu
1198 1715 1289 1779 enim

164 1827 395 1908 necessitatis,
412 1826 580 1892 sacerdoti
603 1825 654 1891 uti
673 1825 753 1890 licet
772 1825 961 1890 ministerio
981 1827 1134 1892 mulieris
1154 1834 1289 1892 tantum

144 1965 183 2020 ,a
202 1943 304 2028 longe
323 1939 572 2028 respondentis,
587 1940 639 2005 uti
653 1939 793 2006 resolvit
809 1939 843 2005 S.
866 1940 936 2005 Rit.
960 1939 1199 2028 Congregatio,
1217 1949 1291 2007 tum

164 2057 200 2121 in
226 2056 404 2138 Veronen,
426 2055 468 2120 27
489 2076 567 2140 aug,
591 2053 694 2150 1836,
717 2054 760 2119 ad
780 2053 811 2136 8,
833 2053 908 2135 ubi,
930 2054 1056 2120 adhoc
1083 2057 1288 2143 quaesitum:

167 2199 182 2231 ιι
207 2171 369 2235 Potestne
393 2168 567 2250 sacerdos,
589 2167 747 2234 omnibus
771 2167 835 2233 sibi
858 2167 952 2254 prius
976 2169 1152 2235 commode
1178 2171 1293 2258 dispo-

166 2285 242 2351 sitis
272 2307 346 2372 qum
373 2282 415 2347 ad
444 2283 645 2348 sacrificium
671 2305 845 2348 occurrere
869 2291 1030 2370 possunt,
1060 2306 1103 2350 ne
1135 2285 1294 2351 mulieres

167 2397 354 2466 inserviant
373 2397 486 2492 altari,
498 2397 548 2462 uti
563 2395 751 2462 ministerio
766 2397 918 2462 mulieris
932 2405 1067 2463 tantum
1081 2422 1142 2485 pro
1156 2421 1295 2486 respon-

167 2515 227 2596 sis,
249 2539 264 2574 »
285 2511 478 2598 respondit:
497 2537 512 2571 ιι
527 2511 556 2575 Α
562 2511 760 2596 firmative,
780 2519 921 2596 arpentc
941 2513 1130 2577 necessitate
1140 2517 1169 2597 ξ·
1186 2541 1201 2574 ιι
1222 2520 1295 2578 tum

168 2630 203 2693 in
223 2627 398 2710 allatrine,
417 2624 458 2690 Ι8
479 2625 592 2689 martii
615 2623 712 2706 1899,
735 2625 778 2688 ad
798 2625 829 2704 6,
851 2623 922 2707 uhi,
944 2624 988 2690 ad
1006 2625 1070 2690 hoc
1090 2595 1294 2714 quaesitrim⁸:

172 2771 187 2802 ιι
205 2743 262 2807 An
278 2741 312 2805 in
332 2739 592 2805 conservatoriis
613 2737 804 2825 puellarum
823 2738 934 2802 missac
954 2761 973 2803 a
997 2739 1172 2825 capellano
1192 2741 1297 2806 inser-

169 2857 242 2922 vire
261 2854 382 2942 possit,
400 2859 495 2918 extra
515 2851 685 2918 cancellos
699 2851 754 2917 vel
774 2852 909 2939 longius
928 2851 971 2916 ab
990 2851 1101 2936 altari,
1123 2854 1236 2941 aliqua
1256 2876 1298 2919 ex

170 2968 294 3058 puellis
313 2967 369 3033 vel
388 2965 608 3048 monialibus,
624 2987 729 3054 quum
743 2988 812 3031 non
827 2965 924 3031 facile
940 2966 983 3030 sit
996 2966 1100 3033 alium
1113 2967 1298 3033 inservien-

171 3093 241 3148 tem
261 3081 429 3162 invenire,
453 3109 468 3142 ι)
500 3081 707 3168 respondit:
742 3107 758 3139 «
787 3080 1007 3166 Affirmative
1037 3081 1072 3145 in
1100 3105 1177 3148 casu
1204 3090 1237 3147 et
1258 3106 1299 3147 er

172 3196 396 3262 necessitate³.
421 3222 436 3255 ιι
462 3233 511 3253 -.
544 3195 594 3259 De
621 3217 688 3281 quo
715 3195 864 3260 notanda
896 3195 993 3261 duo:
1024 3199 1053 3261 l.
1077 3196 1122 3262 Ut
1142 3199 1298 3263 sacerdos

173 3311 281 3399 possit
299 3309 350 3374 uti
373 3309 561 3374 ministerio
587 3309 738 3375 mulieris
759 3309 1012 3398 respondentis,
1029 3334 1097 3376 non
1117 3313 1299 3401 requiritur

168 3429 268 3492 tanta
287 3423 472 3489 necessitas
491 3446 565 3512 qum
585 3423 650 3511 ipsi
669 3424 844 3510 permittat
858 3424 1027 3491 celebrare
1042 3427 1115 3491 sine
1130 3395 1296 3509 ministro,

169 3541 268 3630 juxta
288 3538 497 3624 supradicta,
529 3537 590 3603 sed
618 3537 744 3604 sufficit
769 3545 808 3604 ut
832 3539 1006 3622 sacerdos,
1037 3563 1115 3604 cunr
1146 3540 1299 3605 sedulam

174 3654 386 3742 diligentiam
417 3651 607 3718 adhibuerit
634 3659 672 3716 ut
700 3652 894 3718 ministrum
920 3659 1038 3739 aptum
1064 3653 1202 3736 habeat,
1232 3677 1300 3718 non

174 3769 343 3849 inveniat3
369 3767 416 3832 ita
440 3767 532 3831 enim
562 3766 596 3831 in
629 3790 711 3832 casu
745 3768 971 3832 necessitatem
1003 3767 1222 3854 interpretata
1249 3777 1301 3834 cst

175 3882 402 3962 consuetudo;
420 3882 510 3946 unde
526 3904 631 3969 quum
647 3881 682 3947 S.
700 3881 769 3946 Rit.
787 3881 1026 3969 Congregatio,
1045 3883 1079 3945 in
1097 3882 1299 3964 Cadmeam,

207 4116 215 4149 ¹
236 4115 276 4165 lta
298 4115 408 4174 Suarez,
429 4115 537 4175 Quarti,
557 4113 729 4172 'l'umburini‚
751 4113 800 4164 loc.
823 4113 884 4172 cit.,·
906 4139 933 4148 —
954 4113 1065 4172 Meruti,
1087 4114 1135 4163 loc.
1154 4113 1210 4172 cit,
1229 4129 1255 4162 n.
1274 4118 1301 4174 l,

175 4209 203 4258 p.
219 4200 278 4256 1833
293 4222 324 4232 —
339 4195 366 4244 S.
382 4196 476 4259 Alph.‚
493 4195 542 4245 loc.
558 4193 614 4252 cit,
631 4209 657 4242 n.
673 4199 728 4242 392.

207 4276 218 4310 ¹
235 4275 349 4325 Decreta
363 4275 533 4334 authentica,
548 4291 573 4324 n.
590 4278 664 4334 urle,
681 4277 700 4325 t.
717 4289 747 4334 u,
764 4289 790 4338 p.
807 4277 861 4322 265.

208 4356 219 4390 ¹
235 4355 316 4414 lbid,
332 4371 359 4404 n.
376 4358 451 4416 4015,
467 4359 487 4404 t.
504 4371 544 4414 nr,
561 4371 587 4418 p.
603 4359 658 4404 ³58.
