3174 5046
322 409 360 460 dd
807 409 851 457 DE
870 407 969 459 mssa

326 577 428 642 supra
453 551 674 640 descriptam,
703 551 750 616 ita
774 557 813 616 ut
836 551 898 616 hac
923 551 964 616 de
989 574 1024 616 re
1049 552 1181 615 nonsit
1202 550 1456 639 ampliuscon-

326 668 503 732 troversia.

371 782 405 844 2⁰
423 781 468 846 Ut
492 779 579 844 inlra
608 779 732 845 dicitur
752 779 805 866 (n.
828 777 917 866 32),
941 779 1099 867 Episcopi
1122 787 1176 844 est
1200 780 1243 844 de
1268 803 1304 844 re
1327 802 1454 865 cogno-

321 917 419 959 scere
450 901 483 958 ct
512 893 664 979 judicare
696 915 777 957 num
809 893 854 958 sit
883 893 1069 958 necessitas
1100 894 1281 982 requisita,
1311 894 1455 958 attentis

325 1009 478 1074 locorum
502 1007 680 1088 distantia,
712 1030 853 1072 numero
881 1006 1033 1072 fidelium
1062 1008 1120 1095 qui
1150 1007 1255 1072 missa
1279 1015 1452 1087 carerent,

321 1121 524 1187 difficultate
549 1121 725 1203 itinerum,
748 1128 814 1187 etc.
840 1159 884 1170 -
909 1121 1024 1187 lucit.
1056 1122 1260 1206 Lingonas,
1288 1120 1455 1208 agebatur

321 1237 366 1302 de
386 1235 496 1302 viculo
519 1257 584 1300 uno
598 1238 672 1319 [cre
692 1235 853 1300 milliario
874 1259 892 1300 a
912 1235 1098 1322 parochiali
1119 1235 1260 1300 eeclesia
1282 1235 1450 1314 distante,

321 1357 359 1415 et
382 1351 500 1435 vipinti
520 1349 653 1413 circiter
672 1351 827 1432 personia
850 1355 1045 1428 constante;
1071 1371 1172 1436 porro
1193 1349 1354 1436 episcopo
1375 1347 1453 1412 Lin-

319 1463 466 1550 gonensi
486 1484 685 1548 responsum
707 1461 791 1528 luit:
813 1489 828 1522 (ι
853 1461 892 1525 Ιιι
911 1484 991 1526 casu
1011 1484 1113 1548 quem
1132 1461 1223 1526 idem
1242 1468 1358 1526 orator
1377 1485 1453 1550 pro-

322 1577 440 1664 ponit,
462 1575 634 1639 licentiam
654 1598 728 1640 esse
748 1575 1011 1641 concedendam.
1034 1602 1050 1636 o

369 1689 402 1756 3⁰
421 1689 509 1754 Hinc
528 1712 595 1752 non
616 1688 741 1754 sufficit
761 1689 802 1753 ad
822 1689 1034 1754 iterationem
1055 1689 1167 1754 missae
1190 1708 1197 1754 τ
1221 1689 1254 1752 l⁰
1273 1689 1309 1754 Si
1329 1697 1452 1776 agatur

320 1804 365 1869 de
391 1804 579 1870 necessitato
608 1826 668 1868 seu
692 1803 805 1890 inopia
830 1803 936 1890 ipsius
960 1801 1162 1884 sacerdotis,
1185 1825 1287 1890 quam
1311 1825 1451 1868 causam

323 1941 457 2007 semper
485 1911 706 2006 exploserunt
730 1915 764 1982 S.
792 1915 1083 2002 Congregationes
1096 1920 1118 1998 ¹,
1150 1939 1189 1980 eo
1222 1917 1331 2004 magis
1359 1917 1451 2004 quod

319 2033 461 2096 omnino
480 2031 688 2119 prohibitum
708 2037 760 2095 est
779 2031 1031 2117 eleemosynam
1049 2031 1200 2118 accipere
1219 2053 1279 2118 pro
1300 2031 1451 2097 secunda

323 2144 443 2224 missa,
465 2151 503 2209 ut
523 2145 610 2209 infra
634 2145 783 2226 dicetur;
809 2183 853 2192 —
873 2145 905 2210 2.
932 2145 1002 2210 Nec
1027 2145 1056 2209 si
1080 2151 1201 2231 agatur
1225 2145 1266 2209 de
1286 2145 1342 2210 die
1361 2145 1450 2211 festo

320 2257 475 2344 quidem,
498 2257 558 2322 sed
581 2278 778 2344 aupprcsao;
802 2267 875 2323 tum
899 2259 988 2323 enim
1014 2260 1186 2324 evanescit
1204 2259 1340 2346 proprie
1360 2259 1450 2325 diota

320 2371 534 2454 necessitaa²;
561 2409 605 2419 —
631 2372 662 2436 3.
693 2373 762 2437 Nec
793 2372 821 2435 si
847 2380 967 2458 agatur
993 2371 1034 2436 de
1060 2373 1210 2436 secunda
1233 2373 1338 2438 missa
1364 2374 1449 2438 cele

320 2483 450 2550 branda
469 2485 503 2548 in
528 2487 686 2550 oratoriis
709 2486 913 2568 domesticis,
940 2487 1019 2574 quia
1044 2493 1125 2550 tunc
1154 2487 1231 2552 linis
1259 2487 1449 2552 iterationis

321 2599 434 2663 missae
461 2621 527 2662 non
553 2599 748 2686 attingitur,
771 2621 876 2686 quum
895 2599 1029 2681 fideles,
1052 2599 1169 2687 paucis
1188 2601 1358 2688 exceptu,
1381 2625 1448 2666 non

321 2712 530 2778 satisfaciant
560 2720 728 2800 praecepto
766 2711 924 2776 audiendi
955 2713 1094 2777 missam
1125 2713 1160 2776 in
1194 2713 1247 2776 his
1273 2715 1445 2792 oratoriis;

322 2829 368 2892 ita
387 2828 512 2915 pariter
532 2826 565 2892 S.
588 2827 714 2913 Congr.
737 2825 778 2890 de
800 2826 900 2913 Prop.
928 2825 1046 2906 Fide³;
1072 2865 1117 2874 -
1140 2827 1171 2890 l.
1192 2826 1262 2891 Nec
1278 2827 1307 2892 si
1322 2835 1448 2916 praesto

318 2942 367 3006 sit
386 2941 473 3006 alius
493 2941 665 3022 sacerdos,
695 2941 752 3028 qui
784 2939 953 3004 celebrare
978 2939 1107 3021 valeat,
1141 2947 1179 3006 ut
1203 2941 1320 3006 statim
1344 2943 1448 3008 latius

318 3055 443 3119 dicam.

368 3169 401 3230 [ιο
421 3168 471 3231 De
486 3171 663 3252 praesentia
685 3171 824 3234 alteriue
842 3168 1035 3252 sacerdotis,
1053 3167 1305 3234 benedicenda:
1323 3173 1354 3236 l.
1373 3171 1446 3236 Non

320 3279 519 3368 prohibetur
544 3283 676 3346 iteratio
702 3283 829 3364 missae,
856 3303 896 3346 eo
921 3281 993 3346 solo
1020 3281 1111 3369 quod
1134 3282 1168 3346 in
1193 3281 1267 3347 loco
1291 3283 1337 3348 sit
1361 3283 1447 3348 alius

323 3393 496 3475 sacerdos,
518 3394 578 3459 sed
598 3401 748 3478 tantum,
769 3403 808 3460 ut
826 3402 917 3460 recte
937 3395 984 3460 ait
1008 3385 1212 3460 Benedictus
1232 3395 1311 3460 XIV
1320 3399 1341 3478 ⁴,
1377 3424 1392 3456 a
1419 3398 1447 3462 si

318 3507 409 3574 alius
443 3508 599 3574 sacerdos
626 3519 751 3594 praecto
778 3511 837 3593 ait,
872 3537 887 3570 u
923 3509 1000 3597 qui,
1033 3531 1171 3596 nempe,
1208 3517 1247 3575 ut
1274 3510 1354 3575 alibi
1381 3512 1443 3591 ait,

354 3738 362 3771 ¹
378 3737 417 3784 Cl.
434 3738 479 3785 cit.
496 3736 707 3785 [astructionem
726 3735 752 3784 S.
766 3737 862 3798 Congr.
879 3739 913 3784 de
928 3737 1008 3800 Prop.
1027 3737 1104 3795 ride,
1121 3753 1147 3784 ιι.
1164 3742 1186 3785 8.

352 3816 363 3850 ¹
378 3815 484 3866 lndulta
500 3815 541 3864 bis
559 3815 714 3865 celebrandi
725 3816 821 3865 dicbus
836 3817 912 3866 lestis
924 3817 1080 3880 suppressis
1094 3817 1238 3880 aliquando
1254 3819 1377 3880 negavit,
1394 3819 1444 3866 ati-

318 3895 429 3958 quando
445 3897 480 3957 (v.
492 3911 527 3959 g,
543 3911 592 3958 pro
608 3897 651 3944 dic
667 3896 897 3956 circumcisionis,
916 3897 942 3944 in
958 3896 1189 3960 Argentinen.,1t
1206 3899 1276 3960 sept.
1293 3899 1363 3960 1859)
1379 3913 1443 3946 con-

317 3976 403 4026 cessit
418 3975 499 4026 Sacra
511 3977 592 4026 Cone.
609 3976 705 4039 Congr.
726 3977 848 4040 (Lucidt,
864 3977 902 4025 De
920 3975 1089 4035 uisitatione,
1101 3980 1164 4036 etc,
1182 3993 1205 4026 c.
1223 3992 1262 4036 nr,
1279 3992 1304 4025 n.
1321 3981 1443 4036 ³81-382,

322 4055 428 4116 Itomae,
445 4059 518 4116 1878,
533 4060 551 4106 t.
569 4073 591 4116 r,
607 4073 633 4120 p.
651 4057 720 4121 439).
735 4083 766 4093 —
781 4056 820 4105 Cs.
837 4057 917 4105 ettam
933 4057 1001 4106 Acta
1015 4056 1040 4104 S.
1058 4055 1151 4116 Sedis,
1169 4061 1188 4106 t.
1205 4071 1264 4114 xm,
1281 4071 1306 4118 p.
1324 4060 1378 4104 tta.

352 4135 362 4169 ³
378 4135 407 4183 ln
423 4138 468 4185 cit.
486 4137 677 4196 instructione,
694 4153 719 4187 n.
733 4143 756 4186 6.

352 4215 362 4246 ⁴
378 4214 463 4276 Epist.
480 4215 644 4276 Declarasti,
659 4221 671 4277 ς
685 4217 724 4266 Ea
737 4217 920 4280 potissimum.
