3224 5044
303 499 347 552 DE
366 497 559 562 QUIBUSDAM
579 498 665 550 ALllS
684 497 813 553 TITULIS
832 499 1028 552 APPLIGANDI
1048 501 1174 554 MISSAM
1249 501 1296 556 161

171 643 301 711 tionem
325 640 558 730 quotidianam
581 648 615 708 et
638 642 869 728 personalem,
895 665 963 710 non
989 651 1125 712 tenetur
1143 647 1300 712 omnibus

173 757 311 823 omnino
336 755 458 822 diebus
477 754 663 837 celebrare,
685 755 746 821 scd
764 764 877 842 potest
900 758 1085 846 aliquando
1109 783 1129 826 a
1153 760 1302 826 celebra·

174 871 262 938 tione
286 892 419 967 vacare,
443 871 543 956 justa
569 870 807 936 interveniente
834 893 945 938 causa.
971 909 1016 924 -
1044 872 1189 940 Constat
1212 874 1299 942 clarc

173 1007 203 1054 c.
232 983 490 1070 Sipnificatum,
523 985 581 1065 ll,
609 982 882 1064 Dorsennus,
913 985 948 1050 in
979 1009 1047 1074 quo
1071 987 1159 1053 hanc
1191 975 1301 1076 ipsam

173 1099 321 1187 speciem
341 1096 592 1185 contemplatur
611 1102 645 1163 et
670 1095 796 1162 decidit
815 1097 1010 1164 Alexander
1028 1099 1089 1168 Ill.
1116 1101 1242 1189 Agitur
1260 1101 1301 1169 de

173 1210 373 1304 praehenda,
395 1211 430 1276 vi
449 1209 547 1298 cujus
566 1210 787 1276 beneficiatus
812 1219 945 1278 tenetur
963 1215 1114 1300 quotidie
1134 1215 1302 1282 celebrare

174 1327 331 1416 (excepta
354 1333 466 1390 tamen
495 1347 595 1391 causa
625 1325 871 1414 infirmitatis),
903 1328 988 1413 quin
1011 1327 1120 1414 possit
1149 1329 1303 1414 detepare

173 1439 444 1508 celebrationem.
471 1438 576 1504 Porro
609 1438 699 1504 hunc
725 1461 841 1506 casum
874 1439 923 1506 sic
950 1441 1112 1528 judicat:
1150 1468 1166 1502 a
1192 1440 1303 1521 Quam

175 1553 343 1643 siquidem
372 1552 622 1618 institutionem
656 1556 796 1619 catenus
826 1554 1084 1638 confirmamus,
1110 1561 1149 1624 ut
1181 1557 1303 1645 praedi·

174 1673 250 1734 ctus
277 1666 450 1745 sacerdos,
475 1665 541 1730 nisi
565 1665 761 1732 infirmitate
787 1667 937 1756 corporis
968 1667 1069 1735 luerit
1100 1668 1300 1758 impeditus,

174 1781 308 1848 assidue
326 1779 445 1845 debeat
468 1780 669 1866 obsequium
687 1803 788 1846 suum
809 1781 1001 1867 impendere
1019 1783 1159 1850 ecelesiae
1179 1805 1304 1852 merno-

177 1903 275 1978 ratae,
296 1902 329 1959 et
348 1901 478 1980 quanto
496 1895 713 1980 frequentius
732 1902 844 1980 potest
865 1896 974 1981 (salve
995 1897 1168 1962 honestate
1192 1907 1304 1964 suaet

175 2009 289 2074 debita
317 2007 507 2095 devotione)
538 2008 720 2074 missarum
748 2008 910 2073 solemnia
938 2009 1123 2094 celebrare,
1157 2033 1215 2076 nec
1239 2011 1305 2078 sibi

177 2123 274 2188 liceat
299 2122 361 2187 boc
386 2121 438 2188 illi
464 2121 667 2186 subtrahere
689 2103 756 2187 sive
780 2145 879 2188 causa
904 2123 1102 2210 voluptatis,
1123 2123 1191 2190 sive
1208 2145 1242 2190 se
1261 2125 1306 2190 ad

176 2237 281 2302 aliem
300 2235 470 2301 ecclesiam
486 2236 733 2320 transferendo.
761 2261 777 2296 n
794 2235 836 2300 Et
851 2235 886 2300 in
905 2235 969 2301 hoc
989 2259 1091 2304 sensu
1110 2260 1179 2302 non
1199 2239 1306 2304 semel

176 2349 353 2439 respondit
378 2348 412 2415 S.
445 2348 571 2436 Congr.
607 2347 728 2430 Cone,
753 2373 787 2416 v.
822 2373 870 2436 g.‚
903 2351 937 2414 in
966 2349 1038 2438 jam
1066 2351 1124 2420 cit.
1159 2351 1302 2438 Cotton,

176 2463 220 2530 ad
241 2466 272 2533 l.
295 2462 402 2551 Cujus
421 2459 508 2550 legis
527 2460 698 2526 canonicae
722 2460 808 2527 ratio
827 2467 879 2526 est
907 2461 986 2550 quia
1005 2461 1165 2528 voluntas
1184 2461 1305 2528 funda-

177 2576 261 2648 toris
281 2574 487 2664 imponentis
507 2574 683 2662 capellano
702 2581 741 2640 ut
759 2575 904 2642 celebret
925 2597 989 2661 per
1010 2597 1044 2640 se
1064 2577 1176 2662 ipsum
1196 2576 1304 2650 omni-

176 2691 242 2758 bus
263 2690 399 2758 omnino
422 2689 541 2754 diebus
566 2689 648 2754 anni
666 2695 719 2754 est
742 2687 999 2770 irrationabilis,
1020 2695 1139 2776 utpote
1163 2689 1305 2753 nimium

176 2826 321 2872 onerosa
333 2807 359 2884 ¹3
381 2803 471 2869 unde
491 2801 686 2868 Alexander
706 2800 753 2868 Ill
775 2803 809 2866 in
831 2801 893 2866 hoc
912 2801 1021 2889 capite
1041 2802 1128 2868 hanc
1148 2801 1305 2867 volunta-

177 2925 248 2985 tem
262 2917 407 3006 juridice
426 2917 669 3005 interpretatus
689 2923 757 2994 est,
779 2922 829 2996 ct,
849 2921 1018 3003 quatenus
1037 2938 1122 3004 opus
1144 2915 1222 2996 luit,
1246 2915 1305 2982 ali-

178 3031 376 3122 quantisper
395 3030 629 3096 commutavit.
653 3067 695 3078 -
715 3028 798 3110 Sed,
817 3027 977 3116 quoniam
1001 3029 1198 3094 Alexander
1221 3027 1306 3094 nihil

178 3145 265 3212 dixit
284 3143 325 3210 de
345 3143 534 3234 frequentia
552 3142 753 3224 vacationis,
768 3149 841 3208 orta
861 3149 912 3208 est
932 3143 1044 3230 gravis
1060 3142 1302 3224 controversia,

179 3259 221 3326 de
241 3281 307 3348 qua
325 3279 432 3348 pauca
452 3255 606 3324 dicenda.

222 3481 292 3552 85.
306 3517 351 3530 -·-
364 3479 563 3558 Quoeritur
583 3479 622 3548 1vl
642 3475 778 3553 Quoties
796 3477 990 3564 capellanus
1000 3479 1185 3564 predictus
1196 3479 1304 3564 possit

180 3595 268 3661 licite
289 3617 309 3659 a
332 3593 555 3659 celebratione
578 3593 721 3656 vacare?
743 3629 787 3640 -
808 3590 1066 3678 Distinguendee
1091 3598 1172 3656 sunt
1195 3613 1304 3656 causac

178 3707 390 3775 vacationis:
796 3709 799 3716 ⁴

225 3822 258 3887 1ο
276 3821 313 3888 si
340 3843 442 3888 causa
467 3819 513 3886 sit
540 3819 599 3886 illa
633 3820 788 3886 honestas
818 3827 850 3884 et
878 3819 1025 3904 deuotio,
1053 3816 1095 3883 de
1121 3839 1188 3905 qua
1215 3819 1305 3886 cavit

179 3935 386 4016 Alexander,
408 3934 466 4000 alii
486 3933 603 4000 dicunt
622 3933 836 4022 capellanum
855 3955 954 4022 posse
974 3953 1095 3998 vacare
1115 3931 1219 3996 etiam
1238 3955 1304 3997 una

178 4049 232 4118 die
258 4072 319 4138 per
347 4047 611 4130 hebdomadam,
632 4047 714 4135 quin
734 4051 890 4114 teneatur
912 4069 972 4133 per
997 4044 1101 4110 alium
1128 4044 1301 4134 supplerc;

210 4233 220 4269 ¹
240 4231 277 4283 Ut
289 4233 344 4283 late
359 4232 462 4283 evolvit
477 4231 598 4296 Fagnan‚
614 4233 641 4280 in
656 4232 708 4281 hoc
722 4245 746 4280 c.
762 4229 965 4295 Sipnifioatum,
983 4245 1009 4280 n.
1024 4235 1100 4280 8-11.
1121 4257 1150 4267 -
1166 4229 1206 4280 Cl.
1221 4231 1303 4282 ctiam
1408 4267 1413 4278 .

178 4313 313 4378 deiuge,
327 4312 466 4377 Responsa
482 4311 609 4372 moralia,
625 4311 672 4362 lib.
691 4311 723 4370 V,
739 4310 804 4359 dub.
820 4315 847 4370 9,
864 4325 891 4374 p.
908 4315 960 4359 lat.

286 4425 370 4460 uisse.
1130 4407 1158 4458 ll
