3224 5044
341 495 385 546 DE
404 492 595 555 QUIBUSDAM
614 491 707 544 ALIIS,
719 491 848 545 TITULIS
867 493 1066 548 nannetum
1086 494 1211 546 Mlssau
1286 492 1338 544 167

208 661 290 705 casu
322 643 403 704 sunt
426 659 505 702 vere
538 636 613 700 duae
644 637 823 718 dioeceseS,
852 660 937 725 quas
969 660 1058 703 unus
1084 645 1180 726 regat
1206 645 1337 727 pastor.

253 753 287 817 d.
314 751 351 817 Si
375 751 580 840 Episcopus,
612 755 735 838 praeter
769 750 960 832 dioecesim,
990 759 1086 838 regat
1114 753 1336 838 parochiam,

210 864 489 952 distinguendum
520 869 598 930 est:
626 867 656 930 1.
690 864 726 930 si
757 865 802 930 sit
825 887 905 930 vere
929 867 1116 950 parochus,
1143 874 1225 933 tunc
1251 868 1341 934 duas

208 985 344 1045 tenetur
363 979 533 1068 applicare
552 979 691 1061 missas,
712 1001 815 1045 unam
839 1001 901 1067 pro
930 979 1083 1061 dioecesi,
1109 981 1251 1047 alteram
1274 1005 1341 1070 pro

207 1093 383 1182 parochia3
404 1093 491 1158 hanc
511 1100 623 1159 autem
645 1093 787 1158 alteram
803 1094 951 1181 applicat
970 1116 1030 1181 per
1045 1095 1216 1160 Vicurium
1236 1119 1337 1184 quem

207 1209 303 1296 ponit
333 1208 368 1272 in
398 1207 462 1274 hac
481 1208 657 1296 parochia,
683 1207 857 1295 assignata
885 1207 915 1272 ei
940 1231 1104 1296 congrua,
1131 1233 1206 1298 quac
1226 1231 1341 1276 corre-⁴

208 1322 374 1410 spondeat
399 1329 473 1387 tum
500 1323 576 1387 aliis
609 1322 806 1387 muneribus
837 1321 1104 1410 parochialibus,
1131 1331 1204 1390 tum
1235 1325 1338 1390 ctiam

207 1437 285 1502 huic
327 1437 466 1525 speciali
506 1437 599 1501 oneri
639 1436 831 1525 applicandi
867 1460 934 1523 pro
970 1438 1120 1524 populo,·
1151 1439 1198 1504 ita
1235 1439 1337 1504 etiam

207 1551 242 1618 S.
272 1539 398 1637 Congu.
428 1550 469 1616 de
498 1550 600 1640 Prop.
630 1550 729 1631 Fide,
751 1551 804 1616 die
829 1551 871 1618 23
896 1551 1221 1634 martii1863¹;-
1245 1554 1277 1620 2.
1300 1553 1339 1621 Si

207 1673 322 1732 autem
358 1664 555 1753 parochiam
596 1665 785 1753 Episcopus
817 1665 1033 1731 administret
1067 1689 1133 1752 per
1165 1669 1333 1752 accidens,

206 1803 240 1845 v.
262 1802 311 1866 g.,
328 1779 522 1867 parochiam
542 1787 732 1860 vacantem,
751 1779 859 1844 donec
879 1779 1030 1844 inveniat
1049 1779 1208 1845 idoneum
1223 1787 1337 1868 pasto·

206 1916 294 1976 rem,
310 1893 421 1982 primo
434 1892 598 1980 adspectu
612 1893 785 1958 videretur
797 1893 905 1958 teneri
921 1894 1062 1958 adduas
1078 1895 1216 1974 missaS,
1231 1873 1334 1958 unam

205 2030 266 2095 pro
286 2007 439 2090 dioecesi,
465 2007 606 2072 alteram
626 2031 687 2095 pro
711 2007 885 2094 parochia,
908 2007 987 2096 quia
1011 2007 1128 2072 vicarii
1150 2007 1337 2090 oeconomi,

205 2121 263 2210 qui
276 2145 397 2210 nempe
417 2121 613 2209 parochiam
632 2127 811 2186 vacantem
836 2121 1092 2204 administrant,
1113 2127 1274 2186 tenentur
1292 2125 1339 2189 ad

179 2236 345 2300 ¹missam
371 2259 438 2322 pro
467 2236 616 2322 populo,·
637 2234 737 2320 jubet
762 2235 854 2301 enim
885 2235 1089 2301 Benedictus
1120 2235 1210 2318 XIV,
1231 2243 1269 2301 ut
1300 2236 1335 2302 hi

204 2372 324 2414 omnes
343 2349 475 2430 vicarii,
499 2375 515 2409 ι(
543 2355 645 2437 atquc
671 2349 731 2414 alii
752 2350 975 2436 quicumque,
1006 2351 1108 2414 etiam
1130 2351 1284 2436 specifica
1303 2359 1337 2416 ct

204 2464 379 2529 individua
407 2464 573 2528 mentione
602 2463 715 2548 dipni,
741 2487 837 2552 aeque
864 2470 1045 2530 teneantur
1070 2463 1210 2529 missam
1235 2487 1339 2552 pano·

203 2577 346 2643 chialem
365 2577 533 2666 applicare
549 2601 610 2665 pro
629 2577 755 2666 populo
769 2580 791 2644 ².
812 2607 827 2640 o
849 2579 945 2645 Unde
965 2599 1034 2641 nou
1053 2577 1149 2643 deest
1169 2579 1227 2666 qui
1243 2579 1336 2644 dicat

203 2691 429 2780 Episcopum,
450 2692 491 2758 dc
512 2715 578 2781 quo
604 2693 732 2780 agitur,
763 2699 882 2778 utpote
909 2691 1192 2779 comprehensum
1218 2693 1253 2755 in
1280 2692 1335 2756 his

202 2806 468 2893 generalissimis
491 2805 621 2888 verbis,
643 2805 751 2871 teneri
772 2805 814 2870 ad
834 2805 1004 2892 duplicem
1026 2804 1166 2868 missam
1177 2805 1199 2870 ³.
1227 2804 1333 2870 Puta-

202 2919 309 2984 verim
327 2927 441 2985 tamen
462 2943 540 2985 eum
571 2943 640 2984 non
660 2919 768 2985 teneri
797 2918 861 2984 nisi
892 2917 1057 2983 adunam
1077 2917 1233 2998 missam;
1257 2941 1336 3006 quaa

202 3033 292 3097 enim
312 3033 392 3098 iacit
406 3033 441 3097 in
461 3033 619 3122 parochia
639 3039 800 3114 vacante,
819 3032 914 3116 iacit,
933 3054 1001 3097 non
1019 3038 1058 3097 ut
1077 3032 1222 3097 vicarius
1242 3054 1333 3098 occo--

201 3169 340 3230 nomuS,
362 3147 423 3213 sed
440 3155 479 3214 ut
502 3148 708 3236 EpiscopuS‚
731 3147 785 3212 cui
804 3154 956 3236 potestas
982 3153 1050 3228 est,
1073 3147 1141 3210 imo
1169 3146 1222 3211 cui
1241 3169 1332 3212 onus

199 3261 365 3326 incumbit
379 3261 596 3350 providendi,
620 3262 723 3327 etiam
742 3285 803 3350 per
825 3285 940 3327 curam
961 3261 1209 3344 immediatam,
1228 3285 1328 3350 paro-

200 3374 284 3440 chiis
313 3375 383 3442 suis
410 3381 545 3463 pastore
574 3375 766 3458 destitutis;
789 3383 824 3442 et
850 3376 930 3458 hoc,
951 3377 1030 3440 licet
1055 3375 1090 3442 in
1114 3375 1328 3464 casualiquo

198 3489 377 3578 percipiat,
399 3513 433 3554 v.
456 3511 506 3575 g.,
528 3479 766 3570 decimas3'hae
789 3491 880 3556 enim
899 3489 1037 3555 decimae
1058 3513 1126 3554 non
1146 3497 1226 3554 sunt
1245 3512 1330 3554 con·

198 3626 283 3690 gnua
301 3603 433 3684 vicarii,
456 3603 516 3669 sed
535 3627 664 3670 merces
682 3603 878 3671 laborantis.
898 3603 991 3686 lude,
1013 3601 1170 3668 insimili
1189 3625 1330 3689 prorsus

198 3741 296 3802 casu,
325 3717 360 3784 S.
387 3719 512 3807 Congu.
549 3718 590 3783 de
619 3719 719 3807 Prop.
759 3718 840 3784 Fide
875 3717 1001 3783 exemit
1033 3715 1325 3804 archiepiscopum

197 3831 478 3914 Antibarensem,
501 3833 535 3898 in
568 3833 731 3915 Albania,
753 3833 795 3898 ab
821 3855 922 3897 onere
946 3831 1092 3920 duplicis
1112 3829 1240 3913 missae,
1270 3829 1328 3894 die

228 4071 237 4106 ¹
257 4070 426 4120 Collectanea
442 4069 540 4134 Congu.
556 4071 589 4118 dc
605 4069 686 4132 Prop.
701 4069 777 4127 Fide,
794 4085 819 4117 n.
831 4069 1012 4133 att-momen,
1028 4073 1098 4129 1893,
1115 4085 1141 4133 p.
1159 4073 1196 4117 78.
1339 4141 1342 4148 .

228 4151 350 4200 ²Const.
371 4151 438 4199 Cum
457 4165 564 4214 semper
580 4149 699 4208 oblatas,
721 4155 750 4198 19
773 4164 833 4213 aug.
855 4153 929 4210 17⁴⁴,
949 4155 961 4209 5
980 4152 1007 4209 ⁴3
1031 4149 1104 4198 Bull.
1128 4148 1236 4206 Baned„
1258 4151 1277 4198 t.
1300 4165 1319 4208 ι,

217 4268 223 4280 .
257 4247 273 4278 n
287 4268 293 4281 ι

196 4247 212 4280 n
228 4247 296 4361 ³c1t¹a
313 4311 454 4374 casparo,
470 4311 509 4360 De
524 4309 706 4368 Eucharistia,
718 4325 745 4361 u,
761 4315 819 4370 509,
835 4313 855 4360 t.
873 4326 893 4371 ι,
910 4326 936 4374 p.
950 4315 1004 4360 365.
