3246 5026
352 515 407 568 370
834 516 877 566 DE
896 517 995 568 tussa

351 658 591 728 celebrandurn,
609 666 639 718 et
659 658 715 718 ille
728 657 770 719 sit
782 659 940 741 jejunus;
959 659 1125 720 cardinalis
1140 661 1259 734 Toleti,
1284 663 1314 722 in
1330 663 1482 732 Summa.

350 754 404 817 lib.
424 755 469 828 ll,
484 775 552 837 cap.
574 777 618 828 ιιι,
637 776 722 816 num.
739 754 776 828 43
794 757 968 836 Laymann,
986 755 1017 814 in
1038 755 1188 840 Theolop.
1211 759 1342 828 morali.
1365 761 1419 822 lib.
1439 763 1479 830 V,

350 859 439 914 tract.
457 852 496 920 V,
518 873 585 932 cap.
609 873 648 926 ιν,
675 872 760 913 num.
786 855 823 926 6;
849 851 1137 926 Salmaticensium,
1170 853 1321 938 Theolop.
1350 858 1480 928 moral„

349 957 425 1009 tom.
443 970 468 1023 ι,
487 955 577 1008 tract.
591 948 629 1021 V,
647 947 693 1009 De
707 947 865 1030 sacrificio
881 947 999 1024 missac,
1016 970 1044 1009 c.
1057 971 1085 1022 r,
1103 958 1213 1030 punct.
1231 973 1256 1024 1,
1274 973 1305 1011 ιι.
1327 957 1372 1024 t·2,
1385 953 1479 1034 justa

348 1053 490 1127 quartam
507 1044 691 1118 editionem,
708 1065 778 1126 quae
798 1045 917 1106 Matriti
938 1046 1019 1106 lacta
1039 1053 1087 1106 est
1106 1067 1190 1108 anno
1214 1051 1305 1122 17173
1322 1048 1478 1121 Gavanti,

347 1140 400 1202 Ad
414 1140 561 1202 rubricas
576 1139 731 1216 Missalis,
749 1148 829 1222 part.
847 1141 910 1214 lll,
926 1142 976 1201 tit.
993 1163 1048 1215 ιιι,
1066 1163 1097 1202 n.
1114 1147 1144 1204 7.

387 1240 430 1298 At
439 1257 705 1320 supervacaneum
716 1245 762 1297 est
775 1237 880 1318 plures
894 1238 1097 1298 auctoritates
1108 1241 1323 1319 praestantium
1335 1241 1476 1302 virorum

346 1355 524 1416 congerere,
533 1355 604 1395 cum
615 1333 645 1392 id
657 1334 731 1394 satis
742 1353 897 1415 superque
907 1340 1030 1394 constet
1040 1355 1077 1394 ex
1087 1335 1217 1415 septima
1229 1335 1350 1416 synodo
1361 1337 1478 1398 dioece-

346 1451 435 1505 sana,
452 1449 546 1510 quam
566 1435 692 1488 sanctus
711 1428 890 1500 Turribius,
912 1449 995 1488 anno
1018 1429 1110 1502 1592,
1132 1429 1318 1504 celebravit,
1340 1453 1410 1513 cap.
1427 1455 1473 1506 ιιι,

344 1534 420 1586 tom.
442 1547 471 1584 rr
496 1523 711 1586 Conciliorum
731 1523 966 1606 Hispanorum,
988 1546 1058 1606 quse
1083 1525 1176 1586 simul
1195 1527 1323 1607 collegit
1343 1529 1392 1588 vir
1410 1532 1477 1590 exi-

343 1623 423 1682 mius
438 1622 520 1680 inter
536 1621 693 1701 llispanos
712 1619 878 1680 cardinalis
893 1620 932 1680 dc
946 1621 1096 1699 Aguirre,
1113 1643 1184 1702 pag.
1200 1625 1272 1685 687.
1291 1623 1389 1684 Porro
1405 1625 1476 1686 haec

342 1727 416 1778 sunt
430 1717 547 1778 verba:
568 1715 667 1778 dueta
687 1715 924 1798 dispositionem
944 1716 1075 1776 concilii
1087 1717 1299 1799 provincialis
1317 1719 1476 1782 celebrati

342 1815 375 1876 in
391 1814 449 1875 hac
464 1811 590 1874 ciuitate
604 1834 687 1874 arrno
705 1813 791 1886 1567,
809 1819 963 1894 quaestum
979 1813 1133 1884 conuenit,
1151 1822 1181 1874 et
1191 1835 1252 1895 per
1268 1815 1369 1876 locum
1379 1816 1473 1897 juris

335 1931 521 1993 possumus,
544 1909 702 1970 licentiam
728 1907 929 1969 concedimus
950 1908 1097 1970 onrrribus
1121 1909 1290 1988 Indorum,
1312 1911 1471 1994 Hispano·

340 2029 474 2090 rumque
482 2005 634 2088 parochis
648 2004 749 2066 nostri
761 2003 936 2082 districtus,
951 2012 984 2064 ut
997 2003 1109 2065 dielnrs
1123 2005 1292 2066 dominicis
1304 2013 1335 2068 et
1346 2008 1472 2090 festinis

339 2122 379 2162 ee
388 2109 547 2184 precepto
567 2100 732 2162 servandis
746 2099 872 2181 possint
891 2099 1054 2161 celebrare
1069 2101 1148 2162 duas
1163 2102 1277 2163 missas
1292 2103 1323 2162 in
1343 2103 1471 2165 ‹lualnrs

337 2197 479 2258 ecclesiis
500 2205 562 2258 tem
584 2196 666 2257 inter
685 2218 717 2256 se
737 2195 931 2257 distantibus
953 2204 986 2257 ut
1001 2197 1060 2279 piri
1074 2198 1105 2257 in
1127 2198 1193 2258 loco
1215 2198 1310 2259 tinius
1328 2199 1471 2262 ecclesia·

337 2291 504 2369 assistunt,
522 2313 581 2352 non
595 2291 721 2372 possint
735 2291 896 2354 commode
910 2293 1057 2354 accedere
1072 2293 1114 2355 ad
1128 2293 1319 2356 audiendam
1337 2295 1467 2357 missam

337 2388 368 2448 in
385 2389 497 2449 altera.

376 2485 422 2544 Ex
443 2485 491 2544 his
510 2484 704 2565 apertissime
724 2483 970 2566 deprehenditur
989 2486 1118 2546 concedi
1139 2487 1292 2567 parocho,
1314 2488 1368 2569 qui
1388 2488 1470 2550 duas

335 2581 481 2642 ecclesias
497 2581 685 2642 distantibus
700 2582 828 2642 omnino
844 2581 920 2642 locis
935 2583 1052 2662 positas
1068 2582 1195 2656 habeat,
1213 2583 1259 2643 bis
1280 2584 1466 2644 sacrificium

336 2677 436 2738 missae
453 2677 632 2750 instituere,
650 2699 689 2738 ne
708 2676 818 2738 diebus
838 2677 926 2738 lestis
944 2677 1090 2738 Ecclesiae
1106 2686 1299 2760 praeceptum
1314 2701 1331 2739 a
1347 2681 1469 2762 populo

336 2775 481 2849 violetur,
509 2796 543 2835 ea
574 2781 678 2835 tamen
707 2773 902 2846 conditione,
931 2781 966 2833 ut
993 2773 1163 2854 legitimam
1189 2795 1245 2856 pro
1270 2796 1303 2835 re
1328 2777 1465 2855 gerenda

336 2871 516 2932 facultatem
541 2871 626 2952 prius
648 2869 835 2943 obtinuerit,
858 2869 903 2928 uti
925 2889 982 2930 nos
1004 2870 1134 2930 interius
1158 2870 1395 2951 explicabimus.
1418 2872 1464 2932 Es

335 2967 439 3026 verbis
453 2975 557 3027 autem
571 2966 764 3048 depromptis
780 2987 818 3026 ex
833 2965 942 3024 eodem
958 2966 1059 3046 capite
1075 2967 1168 3026 tertio
1182 2967 1317 3026 Limanae
1333 2967 1463 3047 synodi,

335 3083 406 3143 quse
426 3084 499 3122 mox
521 3063 718 3144 subjicimus,
745 3062 821 3122 certi
844 3061 957 3121 limites
982 3061 1083 3122 eidem
1106 3062 1243 3143 parocho
1267 3069 1464 3135 statuuntur,

336 3159 456 3240 ipsique
472 3158 694 3239 prescribitur,
712 3167 746 3217 ut
761 3177 824 3218 uno
841 3165 961 3217 tantum
983 3157 1053 3218 loco
1073 3177 1194 3218 sacrum
1211 3158 1372 3229 conficiat,
1391 3159 1464 3218 siin

335 3255 434 3314 altero
450 3253 593 3314 sacerdos
607 3261 761 3328 occurrat,
777 3254 829 3334 qui
844 3253 960 3334 populo
973 3275 1038 3314 rem
1052 3254 1189 3314 divinam
1206 3255 1327 3334 operari
1342 3255 1462 3334 possit:

336 3347 414 3408 Cum
431 3356 534 3408 antem
556 3347 704 3408 hahuerit
723 3348 823 3408 alium
843 3348 1034 3410 sacerdotem
1056 3349 1115 3432 qui
1128 3347 1231 3429 possit
1250 3347 1414 3410 celebrare
1430 3349 1461 3410 in

335 3443 435 3504 altere
451 3441 606 3504 dictarum
628 3441 848 3522 ecclesiarum,
867 3465 928 3504 non
938 3443 1059 3525 poterit
1072 3443 1232 3525 parochus
1251 3442 1461 3505 celebrarem

337 3547 484 3622 utraque,
497 3537 553 3600 sed
569 3561 662 3600 irruam
679 3539 809 3600 missam
823 3546 944 3600 tantum
965 3540 996 3600 in
1015 3561 1092 3616 una,
1105 3537 1363 3622 quandoquidem
1380 3542 1464 3602 alter

334 3636 480 3698 sacerdos
489 3636 592 3717 possit
606 3635 790 3716 satisfacere
806 3635 986 3697 necessitati
998 3634 1131 3696 alterius
1142 3634 1267 3716 populi.

374 3733 445 3792 Non
459 3734 637 3812 ignoramus
652 3733 870 3792 auctoritatem
886 3733 1022 3792 Limanae
1037 3731 1147 3812 synodi
1159 3752 1222 3791 suae
1237 3730 1381 3790 dioecesis
1392 3731 1464 3792 fini-

333 3829 389 3888 bus
409 3827 509 3888 solum
526 3827 681 3888 concludi.
701 3829 742 3886 At
757 3847 828 3886 cum
840 3826 1142 3888 sanctusTurribius
1159 3825 1303 3906 regendae
1318 3827 1461 3888 ecclesia·

331 3921 552 4005 peritissimus,
585 3931 616 3983 ct
642 3923 794 3982 virtutum
821 3921 960 3983 omnium
990 3923 1088 4002 gloria
1118 3922 1307 3983 clarissimus
1336 3943 1462 4004 semper

330 4019 454 4080 habitus
476 4021 532 4090 sit,
554 4019 650 4100 ipsius
673 4017 808 4098 legibus,
830 4039 866 4078 ac
885 4019 1069 4079 dioecesanis
1089 4019 1239 4079 institutis
1258 4039 1326 4078 eam
1348 4019 1459 4078 saltem

328 4115 422 4176 tidem
445 4125 539 4196 atquc
561 4115 780 4175 auctoritatem
804 4113 945 4196 vimque.
967 4121 1001 4174 ut
1023 4114 1126 4184 aiunt,
1148 4113 1347 4186 directivam,
1370 4113 1461 4174 adhi-

327 4211 461 4271 bendam
481 4219 511 4271 et
531 4210 767 4271 adscribendam
789 4229 880 4270 nemo
900 4209 1099 4283 inficiabitur,
1121 4229 1213 4291 qnam
1238 4207 1307 4267 ltali
1330 4227 1458 4280 omnes,

324 4305 439 4386 aliique
455 4315 541 4368 extra
555 4307 693 4378 ltaliam,
711 4305 809 4365 sancti
826 4306 930 4366 Caroli
946 4305 1116 4366 Borromaei
1132 4303 1258 4386 synodis
1276 4304 1361 4364 omni
1380 4311 1459 4364 tem·
