3174 5046
323 559 367 609 DE
386 557 634 610 CELEBRATIONE
653 557 805 611 PLunruu
825 557 997 610 MISSAIIUM
1016 559 1084 610 UNA
1103 558 1160 607 DIE
1272 553 1306 607 ‘13

182 703 292 786 luisti,
327 709 361 767 et
388 702 488 790 juxta
516 701 820 790 jurisprudentiam
853 703 887 767 in
919 703 1018 791 epist.
1054 700 1242 766 Declarasti
1272 707 1307 764 et

180 813 410 881 decisionibus
429 815 464 880 S.
488 815 614 903 Congr.
637 817 737 882 Rom.
760 822 968 884 contentam.
990 853 1032 866 -
1052 813 1197 882 Constat
1215 813 1306 878 deci·

180 929 274 1024 sione
297 928 331 996 S.
357 929 486 1012 Officii,
507 929 548 993 22
569 929 652 995 febr.
672 929 776 1010 1888,
798 954 818 996 a
839 931 952 996 Leone
974 929 1055 1002 XIII
1075 927 1259 1017 approbata
1280 931 1302 992 ¹.

224 1044 258 1107 2⁰
279 1043 421 1130 Insuper
439 1044 566 1109 eisdem
586 1043 729 1131 aliisque
744 1043 980 1133 Superioribus
996 1044 1195 1108 missionum
1216 1064 1305 1106 com·
1368 1041 1370 1044 ’

179 1157 343 1222 municari
364 1157 452 1222 solet
475 1158 619 1245 amplior
643 1157 803 1240 facultaS,
830 1160 864 1223 vi
887 1159 1047 1244 formulas
1071 1159 1091 1220 I
1095 1207 1105 1241 ,
1131 1180 1166 1222 n.
1189 1155 1243 1222 23.
1266 1154 1305 1219 In

178 1270 242 1335 hoc
261 1294 296 1335 n.
319 1271 360 1336 23
373 1274 395 1354 ²,
418 1271 466 1336 sic
481 1271 631 1358 legitur:
654 1299 669 1332 «
691 1271 893 1337 Celebrandi
918 1271 969 1336 bis
989 1272 1023 1335 in
1047 1270 1117 1352 die,
1140 1269 1168 1334 si
1187 1272 1305 1334 neces-

179 1385 261 1450 sitas
286 1391 405 1472 urgeat
429 1383 495 1471 (ita
515 1391 629 1450 tamen
652 1392 692 1450 ut
715 1385 750 1449 in
774 1385 882 1474 prima
907 1386 1010 1451 missa
1034 1407 1102 1450 non
1122 1383 1306 1470 sumpserit

179 1497 448 1587 ablutionem)...
485 1499 613 1566 Caveat
646 1523 726 1566 vero
766 1523 808 1565 ne
846 1500 1006 1590 praedicta
1043 1499 1203 1566 facultate
1245 1519 1305 1562 seu

179 1612 432 1699 dispensatione
458 1612 651 1680 celebrandi
677 1614 729 1680 his
749 1615 783 1679 in
803 1615 857 1680 die
877 1616 976 1680 aliter
994 1637 1096 1703 quam
1114 1636 1156 1677 es
1174 1613 1304 1698 pravis-

177 1726 273 1789 simis
303 1727 411 1790 causis
439 1733 473 1790 ct
503 1729 675 1792 rarissime
704 1735 831 1794 utatur.
855 1727 953 1807 Quod
983 1729 1011 1792 si
1035 1728 1122 1792 hanc
1151 1725 1304 1790 eamdem

179 1838 374 1904 facultatem
393 1841 491 1917 alteri
510 1841 676 1906 sacerdoti
691 1843 789 1930 juxta
810 1849 1014 1930 potestatem
1039 1839 1179 1905 inferius
1202 1862 1305 1927 appo-

178 1953 325 2018 nendam
349 1955 614 2038 communicare,
641 1962 699 2020 aut
727 1978 846 2022 causas
875 1979 913 2020 ca
937 1955 1056 2020 utendi
1080 1953 1179 2018 alicui
1204 1953 1262 2040 qui
1286 1976 1304 2017 a

178 2066 213 2132 S.
228 2065 314 2132 Sede
334 2067 421 2132 hanc
436 2067 632 2134 facultatem
647 2069 843 2146 obtinuerit,
858 2067 1043 2158 approbare
1063 2069 1174 2133 visum
1189 2065 1301 2148 fuerit,

178 2179 265 2244 serio
293 2179 400 2269 ipsius
426 2181 642 2248 conscientiae
672 2182 860 2271 injungitur
890 2190 929 2248 ut
957 2183 1076 2268 paucis
1108 2182 1301 2260 dumtaxat,
1351 2193 1359 2210 ·
1389 2258 1396 2266 ι

179 2293 285 2380 iisque
305 2296 709 2381 rnaturiorisprudentiae
729 2320 767 2361 ac
789 2297 864 2380 zeti,
885 2305 917 2361 et
943 2297 1004 2384 qui
1023 2295 1175 2362 absolute
1195 2315 1303 2359 neccs-

176 2407 260 2472 sarii
278 2415 376 2491 sunt,
400 2431 458 2472 nec
473 2431 540 2494 pro
555 2409 708 2495 quotibet
728 2411 814 2492 loco,
843 2411 901 2474 sed
922 2411 980 2474 ulii
999 2411 1113 2496 procis
1129 2409 1303 2472 necessitas

179 2522 308 2604 tuterit,
325 2530 357 2585 et
380 2523 425 2587 ad
443 2523 541 2587 breve
562 2531 709 2610 tempus,
731 2524 883 2589 eamdem
909 2523 1136 2589 communicet
1155 2529 1214 2587 aut
1234 2544 1304 2586 res-

117 2727 121 2732 .
177 2635 309 2724 pective
331 2658 450 2700 causas
470 2636 644 2725 approbet.
666 2637 794 2702 »Licet
813 2637 973 2702 clausulae
994 2638 1062 2702 sint
1082 2637 1209 2723 rigidas,
1233 2635 1303 2698 haec

176 2747 321 2813 formula
339 2748 469 2814 confert
488 2757 602 2816 tamen
618 2751 761 2816 Vicariis
776 2751 972 2839 apostolicis
992 2751 1189 2838 ampliorem
1210 2755 1303 2836 pote-

177 2869 312 2944 statem,
321 2885 424 2950 quam
435 2887 472 2929 ea
486 2887 561 2952 quae
576 2864 754 2930 deducitur
769 2889 809 2930 ex
817 2865 893 2953 jure
904 2864 1093 2943 communi;
1105 2863 1203 2927 aliter
1213 2868 1303 2926 essct

176 2975 319 3056 inutilis,
341 2984 380 3042 ut
400 2979 446 3042 ait
465 2977 538 3066 ipsa
558 2979 593 3044 S.
616 2978 742 3066 Congr.
765 2979 806 3043 de
827 2979 927 3066 Prop.
951 2977 1070 3058 Fide³;
1093 2976 1140 3041 sic
1159 2981 1304 3064 possunt

141 3155 143 3158 .
176 3091 298 3156 iterare
317 3091 457 3156 missam
476 3099 535 3157 aut
553 3093 766 3158 iterationem
787 3093 969 3158 concedere
989 3092 1090 3157 etiam
1110 3114 1170 3178 pro
1185 3091 1303 3154 diebus

178 3225 245 3267 non
259 3205 389 3289 festivis
408 3206 448 3268 de
462 3214 646 3291 precepta,
668 3207 724 3271 vel
742 3230 803 3294 pro
828 3229 894 3271 non
913 3229 1036 3291 maqno
1057 3226 1197 3270 numero
1216 3205 1302 3288 fide·

180 3315 277 3400 tium,
298 3325 362 3382 etc.
381 3319 578 3384 AEstimatio
602 3327 716 3384 autem
743 3320 844 3408 hujus
865 3319 1078 3385 necessitatis
1100 3317 1303 3407 relinquitur

177 3431 339 3496 charitati
365 3440 397 3495 et
410 3433 602 3517 prudentie
636 3433 760 3498 Vicarii
779 3445 838 3499 aut
864 3435 1023 3520 Praefecti
1051 3434 1242 3520 apostotici,
1264 3437 1302 3496 ut

179 3567 267 3632 saepe
288 3545 463 3633 respondit
483 3547 600 3612 eadem
621 3531 745 3635 Congr.
760 3550 781 3613 ⁴.

223 3741 291 3809 35.
308 3780 351 3789 -
371 3742 575 3816 Quaeritur
587 3746 625 3812 ’7ο
643 3744 750 3827 Num,
774 3745 807 3808 in
827 3767 904 3809 casu
922 3743 1136 3826 necessitatis,
1145 3742 1302 3828 permitti

172 3855 281 3940 possit
303 3877 369 3919 una
389 3855 441 3918 dic
460 3857 561 3920 etiam
582 3857 681 3922 tertia
701 3857 813 3923 missa.
835 3896 879 3906 —
902 3859 1031 3946 Resp:

210 4030 218 4062 ¹
237 4030 408 4081 Cottcctanea
423 4031 449 4080 S.
464 4031 559 4096 Congr.
576 4033 609 4082 de
625 4033 705 4106 Prop.
723 4033 801 4094 Fide,
817 4049 842 4082 n.
857 4039 915 4094 795,
930 4050 957 4097 p.
973 4039 1027 4082 301.

209 4110 220 4145 ²
236 4111 419 4170 Cottectanso,
438 4127 465 4160 n.
482 4117 540 4172 792,
553 4128 580 4176 p.
597 4117 656 4173 295,
672 4115 728 4163 not.
746 4121 771 4175 1;
785 4142 812 4151 -
829 4115 872 4164 vel
887 4115 952 4164 Acta
968 4115 993 4163 S.
1009 4113 1097 4172 Sedis,
1115 4117 1135 4163 t.
1151 4129 1201 4174 vn,
1217 4129 1244 4177 p.
1256 4117 1301 4161 ³0³

178 4190 239 4252 (ubi
255 4193 312 4240 tota
324 4191 453 4240 For-muta
468 4191 483 4240 I
495 4193 695 4258 perscribilnr).

209 4269 396 4329 ⁸Instructio,
413 4274 441 4319 nt
455 4272 517 4321 muti
535 4277 607 4332 1870,
624 4289 649 4322 n.
669 4280 692 4322 ll
712 4274 910 4338 (collectanea,
930 4290 955 4322 n.
971 4279 1029 4332 ⁶192,
1043 4290 1070 4338 p.
1086 4275 1155 4339 295).

209 4347 358 4407 ⁴1htd.,n.
377 4354 404 4397 1³
422 4365 462 4414 sq.
