3246 5026
299 439 354 496 376
786 442 830 492 DE
848 441 946 493 Missa

300 598 380 664 tem,
402 591 455 671 qui
480 609 515 649 ea
540 589 606 668 ipsa
630 587 679 647 dic
704 607 827 648 sacrum
853 586 886 645 iu
909 606 945 646 ea
968 586 1211 667 facere'possit;
1239 586 1334 646 veluti
1357 607 1432 666 pro-

301 695 475 770 sequuntur
503 683 694 754 Hostiensis,
721 683 877 742 Antonius
903 704 920 742 a
945 681 1055 742 Butrio
1082 689 1113 742 et
1139 682 1261 756 Abbas,
1286 681 1363 742 Iocis
1384 681 1432 742 ci-

302 783 386 845 tatis.

342 879 417 937 Haec
444 883 532 950 sunt,
562 897 642 958 quac.
661 895 700 936 ex
723 875 793 956 jure
822 875 973 934 canonico
1001 873 1240 954 desumpsimus.
1270 874 1331 936 Sed
1357 895 1431 934 cum

302 974 403 1054 glossa
419 975 450 1032 in
466 994 534 1054 cap.
553 969 760 1048 Consuluisti,
778 971 809 1030 in
827 971 912 1030 verb.
933 969 1138 1046 necessitatis,
1157 970 1202 1030 De
1218 969 1433 1038 celebratione

303 1069 487 1146 missarum,
510 1068 687 1130 necessitati
706 1067 802 1128 addat
824 1067 1007 1140 utilitatem,
1033 1075 1065 1127 et
1091 1067 1140 1126 vel
1167 1065 1350 1139 utilitatem,
1378 1066 1431 1126 vel

304 1166 520 1227 necessitatem
546 1165 620 1224 satis
647 1183 713 1224 esse
738 1163 823 1223 dicat
846 1171 881 1222 ut
904 1184 985 1223 unus
1009 1162 1153 1224 sacerdos
1177 1163 1286 1223 eodem
1311 1163 1361 1223 die
1382 1161 1432 1220 bis

304 1263 428 1322 missam
456 1261 612 1322 celebrare
639 1259 754 1341 possit,
783 1259 860 1318 bene
887 1258 1166 1339 deprehendimus,
1186 1258 1364 1339 parochos,
1392 1257 1432 1317 de

303 1359 416 1441 quibus
431 1357 544 1436 agitur,
557 1377 648 1438 posse
664 1363 729 1416 tum
745 1355 924 1430 utilitatem,
936 1362 1002 1415 tum
1017 1355 1232 1415 necessitatem
1247 1363 1432 1436 praetexere,

305 1465 339 1515 ut
355 1455 412 1514 sibi
425 1461 537 1534 putent
552 1453 596 1513 las
612 1473 678 1512 esse
692 1451 739 1510 bis
754 1451 785 1510 iu
798 1451 848 1511 die
863 1451 1031 1525 celebrare,
1046 1451 1166 1511 etiamsi
1179 1451 1259 1512 alius
1277 1452 1315 1511 sit
1331 1472 1433 1512 sacer-

304 1551 371 1624 dos
384 1550 437 1631 qui
449 1569 571 1610 sacrum
582 1549 684 1608 lacere
693 1547 813 1620 valeat;
827 1547 995 1607 utilitatem
1006 1547 1122 1629 quippe
1130 1546 1162 1606 in
1173 1568 1210 1607 eo
1225 1549 1430 1619 constituent,

305 1645 389 1728 quod
407 1645 453 1704 bis
469 1645 527 1726 ipsi
543 1643 728 1704 celebrando
748 1665 812 1702 uon
828 1643 1109 1703 subministrabunt
1124 1643 1278 1704 sacerdoti
1295 1643 1433 1704 celebra-

306 1750 377 1802 turo
392 1741 621 1822 eleemosynam
643 1761 699 1820 pro
719 1740 828 1812 missa,
845 1759 938 1821 quam
959 1738 1146 1812 celebrabit;
1164 1737 1380 1800 necessitatem
1401 1737 1433 1796 in

305 1859 360 1898 sua
376 1838 480 1919 inopia
500 1838 708 1910 constituent,
725 1837 765 1896 ob
781 1856 874 1917 quam
891 1843 1051 1917 nequeunt
1065 1833 1245 1914 praedictam
1261 1833 1433 1912 eleemosy-

307 1955 378 1995 nam
398 1935 487 1996 alteri
503 1933 657 1994 sacerdoti
674 1932 799 1992 missam
815 1931 984 1991 celebranti
1008 1931 1143 2009 elargiri.
1160 1932 1202 1990 At
1222 1937 1368 1990 neutrum
1387 1929 1434 1988 eis

235 2092 244 2107 ,
307 2031 467 2111 sullragari
484 2037 598 2111 potest.

348 2129 387 2187 Et
415 2126 533 2186 utilitas
560 2125 686 2206 quidem
714 2146 776 2184 nou
803 2126 1010 2203 suffragatur3
1039 2123 1191 2206 quidquid
1219 2125 1301 2184 enim
1329 2124 1368 2182 sit
1394 2121 1436 2182 de

306 2222 399 2281 titulo
420 2221 579 2295 utilitatis,
597 2221 650 2301 qui
670 2221 758 2280 illum
778 2220 965 2294 admittunt,
982 2219 1069 2280 illum
1093 2221 1249 2301 explicant
1268 2228 1299 2280 et
1317 2218 1435 2279 intelli-

307 2325 401 2397 gunt,
427 2337 489 2376 non
514 2316 552 2376 de
577 2317 711 2376 utilitate
735 2316 936 2390 celebrantis,
963 2316 1017 2377 sed
1042 2317 1166 2376 missam
1191 2315 1355 2376 audientis.
1382 2314 1435 2374 Sic

307 2414 399 2474 docet
414 2412 578 2474 cardinalis
593 2412 751 2474 Zabarella
768 2413 800 2472 in
815 2433 884 2495 cap.
903 2412 1114 2488 Consuluisti,
1133 2435 1164 2474 n.
1181 2415 1215 2486 3,
1233 2412 1279 2472 De
1294 2408 1434 2472 celebra·

308 2509 391 2571 tione
411 2508 591 2570 missarum.
609 2510 655 2568 Eu
676 2509 743 2590 ejus
757 2510 852 2570 verba
869 2526 875 2568 :
894 2508 1082 2586 Considera,
1101 2507 1186 2592 quod
1206 2509 1237 2568 in
1259 2508 1317 2568 boc
1333 2515 1435 2568 atten-

308 2605 396 2665 ditur
419 2625 514 2666 causa
542 2605 691 2666 utilitatis
715 2612 856 2686 respectu
881 2603 1056 2682 audientis,
1082 2627 1141 2665 raon
1167 2603 1370 2666 celebrantis.
1395 2603 1435 2663 Et

307 2701 517 2775 concordant,
535 2723 629 2782 super
643 2703 753 2762 eodem
773 2700 928 2782 capitulo,
945 2703 1101 2762 Antonius
1116 2721 1133 2761 a
1150 2701 1275 2774 Butrio,
1292 2722 1378 2761 num.
1394 2699 1433 2772 4·,

308 2800 428 2874 Abbas,
447 2821 532 2859 num.
550 2801 583 2874 t,
601 2807 632 2858 et
652 2800 772 2872 caeteri,
790 2819 869 2880 quos
890 2807 1004 2858 vocant
1019 2799 1224 2879 Repetentes;
1241 2805 1272 2858 et
1287 2796 1435 2878 praeclare

309 2897 391 2956 inter
410 2897 599 2958 recentiores
619 2895 727 2956 docuit
742 2895 930 2966 Vericellus,
947 2895 994 2955 De
1008 2893 1190 2976 apostolicis
1211 2891 1432 2969 missionibus,

311 2993 357 3052 tit.
374 3013 398 3065 1,
417 2992 462 3052 De
478 2990 662 3074 priuilepiis
683 2990 897 3073 reputarium,
915 2990 989 3052 dub.
1007 3013 1095 3064 xvm,
1118 3011 1203 3053 num.
1221 2993 1290 3051 201.
1310 2989 1435 3050 Utilitas

309 3095 413 3148 autem
438 3089 598 3168 proposita
624 3109 685 3147 uon
711 3088 879 3167 populum,
903 3086 956 3146 sed
983 3087 1153 3168 parochum
1178 3085 1319 3167 respicit,
1340 3085 1437 3146 etsie

309 3183 534 3256 celebrantem,
552 3192 583 3243 et
598 3205 661 3243 non
677 3183 865 3243 audientem.

349 3279 454 3338 Minus
477 3299 602 3360 quoque
627 3279 755 3359 prodest
780 3281 947 3344 necessitas
962 3300 1008 3360 ‚ex
1033 3280 1136 3361 inopia
1161 3279 1342 3360 desumpta;
1364 3299 1437 3339 cunr

311 3373 399 3455 plura
419 3373 481 3434 sint.
500 3374 720 3454 expendenda,
741 3381 909 3458 antequam
929 3374 1040 3435 titulus
1061 3375 1254 3436 necessitatis
1273 3395 1311 3434 ex
1331 3375 1436 3456 inopia
1459 3404 1469 3426 ·

311 3471 494 3552 desumptus
510 3470 703 3532 admittatur.
721 3471 839 3544 Primo,
856 3493 895 3532 au
915 3492 1023 3531 revera
1044 3471 1170 3552 parochi
1187 3479 1273 3532 tauta
1292 3491 1440 3552 preman-

311 3575 363 3628 tur
377 3574 530 3648 egestate,
547 3573 581 3626 ut
596 3565 685 3626 alteri
701 3567 854 3628 sacerdoti
870 3566 1059 3649 stipendium
1076 3567 1176 3627 missae
1192 3575 1348 3646 nequeant
1362 3588 1439 3648 sup-

312 3663 468 3745 peditare3
486 3664 511 3722 si
525 3663 606 3723 enim
624 3664 728 3744 inopia
744 3663 822 3723 adeo
839 3684 1027 3742 magnanon
1044 3664 1099 3738 sit,
1116 3663 1284 3744 episcopali
1300 3665 1439 3724 auctori-

313 3767 392 3833 tate,
417 3761 507 3840 juxta
532 3769 626 3842 caput
649 3767 795 3841 quartum
820 3761 943 3821 concilii
965 3760 1153 3835 Tridentini,
1180 3781 1255 3820 sess.
1281 3759 1439 3832 xx1,tre

290 3903 291 3906 ,
313 3855 553 3938 reformatione,
574 3857 656 3937 adigi
677 3864 840 3938 poterunt,
863 3863 898 3917 ut
918 3857 1071 3918 sacerdoti
1094 3858 1219 3918 missam
1242 3855 1440 3917 celebraturo

313 3955 542 4034 eleemosynam
562 3953 765 4033 elargiantur,
786 3955 831 4014 uti
852 3955 1008 4035 sapienter
1026 3953 1174 4014 admonet
1193 3951 1306 4032 Engel,
1328 3951 1367 4012 ad
1387 3953 1437 4012 tit.

313 4049 544 4128 Decretalium,
569 4049 615 4111 De
636 4048 847 4110 celebratione
869 4050 1053 4127 missarum,
1079 4071 1164 4110 num.
1181 4051 1210 4109 3.
1229 4047 1388 4118 Secunde,
1413 4049 1441 4107 si

314 4148 457 4228 parochis
472 4154 581 4208 tenues
596 4148 724 4207 omuino
739 4147 924 4228 angustique
940 4155 1111 4228 proventus
1126 4146 1310 4219 obveniant,
1328 4144 1441 4204 viden-

315 4243 404 4316 dum,
422 4264 460 4304 an
477 4244 612 4325 populus
628 4244 721 4304 etiam
737 4243 770 4303 in
785 4242 893 4304 eadem
914 4251 1098 4324 paupertate
1114 4251 1274 4316 versetur3
1290 4242 1442 4322 quemad-
