3246 5026
279 493 332 546 302
581 495 626 544 DE
645 493 860 544 stucrlsslno
884 491 1103 544 SAGRAMENTO

279 639 323 704 ad
342 661 447 704 annor
465 638 675 703 discretionis
690 638 898 723 pervenerit,
924 637 1037 702 omnia
1057 659 1117 702 sua
1137 637 1230 702 solus
1249 643 1403 726 peccata,

190 825 193 832 ,
279 753 400 818 saltem
423 751 528 817 semel
552 751 587 815 in
611 774 717 834 anno,
743 751 889 817 fideliter
914 751 1114 816 confiteatur
1137 751 1273 838 proprio
1297 774 1406 817 sacer-

278 866 365 949 doti,
383 873 417 931 et
432 865 620 953 injunctam
635 865 700 930 sihi
714 865 951 953 poenitentiam
964 865 1110 952 propriis
1124 865 1255 930 viribus
1270 866 1406 932 studeat

278 980 478 1069 adimplere,
493 979 676 1065 suscipiens
692 987 881 1045 reverenter
894 981 938 1044 ad
952 981 1064 1045 minus
1077 980 1112 1044 in
1126 980 1256 1045 Pascha
1272 980 1406 1045 Euclea-

280 1095 380 1160 rieiiae
390 1102 660 1176 sacramentum
672 1093 736 1158 nisi
744 1097 848 1179 forte,
864 1094 905 1158 de
912 1093 1049 1180 proprii
1061 1094 1243 1160 sacerdotis
1254 1095 1403 1177 consilio,

278 1210 320 1275 olr
331 1209 483 1296 aliquam
499 1207 736 1274 rationabilem
751 1231 902 1292 caeream,
921 1209 966 1273 ad
981 1217 1113 1295 tempus
1119 1261 1130 1292 ,
1144 1210 1187 1274 ab
1204 1209 1406 1296 hujusmodi

273 1326 486 1410 perceptione
510 1325 647 1389 duxerit
671 1324 930 1406 abstinendum·
952 1363 996 1372 -
1020 1324 1052 1388 2.
1084 1325 1233 1389 Concilio
1268 1325 1406 1388 Triden-

279 1440 365 1522 tino,
383 1439 490 1526 quod,
512 1437 669 1503 alludens
689 1437 730 1502 ad
755 1437 844 1502 hunc
869 1460 1034 1502 canonem
1054 1437 1335 1518 Lateranensem‚
1358 1437 1406 1502 sic

278 1552 431 1618 definivit
456 1552 542 1640 (can.
572 1551 608 1633 9,
632 1574 716 1617 sess,
738 1550 836 1632 XIII·‚
863 1551 912 1616 De
935 1551 1194 1640 Eucharistie):
1223 1579 1239 1612 (ι
1270 1552 1306 1618 Si
1330 1552 1406 1640 quis

277 1666 452 1753 negaverit
467 1688 585 1730 omnes
605 1672 639 1731 et
658 1665 811 1751 singulos
827 1664 954 1731 Christi
968 1665 1085 1731 fideles
1099 1666 1277 1754 utriusque
1290 1689 1404 1746 sexus,

276 1803 353 1847 cum
369 1781 413 1844 ad
425 1803 529 1845 annos
544 1780 753 1844 discretionis
763 1781 995 1864 pervenerint,
1011 1780 1118 1847 teneri
1131 1779 1275 1868 singulis
1290 1779 1404 1862 annis,

277 1895 399 1961 saliem
415 1895 449 1959 in
467 1894 643 1976 Paschete,
661 1895 703 1958 ad
724 1887 1060 1974 communicandum,
1075 1896 1183 1981 juxta
1197 1901 1406 1980 preceptum

276 2014 398 2071 sanctae
433 2005 552 2068 matris
583 2004 753 2086 Ecclesiae,
784 2003 965 2069 anathema
999 2005 1054 2070 sit.
1088 2032 1103 2066 n
1133 2044 1178 2053 -
1210 2004 1406 2071 Notandum

276 2127 391 2185 tamen
415 2119 594 2184 concilium
619 2117 847 2182 Lateranense
866 2117 978 2205 legem
1002 2141 1098 2183 suam
1117 2117 1230 2207 aliquo
1255 2119 1406 2183 modera-

276 2233 367 2296 mine
391 2237 623 2317 temperasse:
647 2257 663 2291 ιι
686 2231 761 2296 Nisi
784 2230 887 2314 forte,
909 2232 950 2296 de
974 2233 1102 2319 proprii
1121 2233 1306 2298 sacerdotis
1325 2255 1406 2296 con-

276 2345 412 2427 sili0‚...
430 2344 473 2408 ad
488 2351 638 2430 tempuS‚
657 2343 700 2408 ab
713 2345 909 2432 hujusmodi
923 2347 1138 2434 perceptione
1154 2347 1288 2412 duxerit
1302 2345 1407 2412 absti-

276 2459 441 2537 nendum;
458 2484 473 2518 ι)
489 2458 579 2546 quod
594 2463 901 2546 temperamentum
916 2483 984 2524 non
1000 2461 1172 2526 revocavit
1186 2483 1281 2526 cone.
1297 2459 1403 2540 Trio,

276 2595 381 2662 quum
404 2573 467 2636 hoc
492 2579 629 2638 econtra
654 2596 691 2638 se
714 2573 837 2639 reserat
861 2575 904 2640 ad
927 2582 1135 2663 praeceptum
1156 2575 1401 2652 Lateranense;

276 2714 291 2747 n
309 2689 416 2773 J'uocta
432 2694 641 2772 praeceptum
661 2694 786 2753 sanctie
805 2688 924 2753 matris
945 2688 1115 2754 Ecclesiae.
1141 2717 1156 2749 ιι

319 2801 355 2866 2⁰
379 2801 450 2866 Lex
474 2824 577 2866 sacrm
602 2802 851 2868 communionis
874 2810 926 2868 est
950 2803 1052 2868 simul
1071 2803 1184 2868 divina
1204 2810 1237 2868 et
1256 2803 1405 2870 ecclesia-

274 2917 356 2980 stica
364 2934 379 3000 ‚·
402 2915 457 2980 lex
483 2915 574 2981 enim
598 2917 714 2981 divina
738 2939 840 2982 saorae
864 2917 1111 2983 communionis
1136 2918 1329 2984 continetur
1351 2917 1405 2982 his

275 3029 387 3096 verbis
402 3030 539 3095 Domini
555 3029 741 3118 (loan.,v1‚
760 3030 833 3118 bl):
854 3032 957 3096 «Nisi
970 3033 1252 3097 manducaveritis
1267 3055 1404 3097 carnem

274 3141 356 3205 Filii
381 3141 544 3224 hominis,
571 3149 603 3205 et
627 3141 782 3206 biberitis
805 3143 881 3228 ejus
903 3143 1119 3227 sanquinem,
1146 3164 1212 3206 non
1237 3143 1404 3207 habebitis

274 3251 378 3315 vitam
398 3251 432 3314 in
452 3251 555 3315 votis.
580 3277 596 3311 ιι
619 3249 687 3315 Sed
706 3250 843 3316 difficile
863 3257 931 3332 est,
953 3251 1020 3316 imo
1040 3250 1268 3339 impossibile,
1291 3253 1402 3318 dicere

274 3361 407 3452 quoties
438 3371 471 3428 et
501 3363 636 3451 quando
669 3363 704 3428 in
735 3365 806 3430 vila
832 3367 917 3450 jure
942 3366 1055 3430 divino
1084 3389 1178 3432 saera
1209 3367 1403 3431 communio

274 3476 475 3565 requiratur.
498 3477 625 3543 Dicunt
644 3486 696 3543 eat
720 3481 945 3544 communiter
964 3480 1119 3545 doctores
1135 3480 1194 3568 jus
1213 3480 1299 3546 illud
1318 3481 1403 3546 divi-

274 3613 357 3656 num
377 3613 479 3655 saone
499 3593 746 3657 communionis
770 3592 944 3680 obligare:
969 3593 999 3658 l.
1023 3595 1057 3658 in
1077 3595 1221 3660 articulo
1242 3595 1361 3661 mortis
1374 3597 1403 3678 ¹;

273 3706 306 3771 2.
328 3705 506 3792 aliquoties
526 3707 560 3770 in
579 3707 663 3790 vita,
680 3731 714 3773 v.
736 3729 785 3793 g.,
809 3708 907 3772 tertio
927 3709 978 3772 oet
996 3715 1121 3794 quarto
1141 3731 1277 3796 quoqne
1295 3733 1400 3792 anno,

304 3978 313 4012 ¹
332 3977 447 4036 Quidam
466 3983 556 4030 tamen
576 3981 670 4030 dicunt
687 3996 741 4030 non
759 3983 816 4030 deri
837 3983 1030 4046 obligationem
1045 3983 1122 4048 juris
1139 3984 1228 4035 dioini
1245 3987 1273 4034 in
1288 3987 1402 4036 articulo

273 4059 382 4119 mortis,
399 4060 446 4108 sed
461 4063 568 4110 tantum
582 4075 615 4109 ex
630 4065 768 4125 praecepto
782 4062 923 4122 Ecclesiae;
940 4063 977 4112 ita
992 4063 1018 4111 S.
1032 4063 1234 4124 Beneventum,
1252 4065 1402 4130 sylvester,

272 4137 400 4197 Armillis,
420 4155 489 4202 quos
504 4141 586 4190 refert
600 4141 698 4192 Suarez
714 4141 777 4207 (loc.
794 4141 851 4202 cit„
867 4143 936 4206 disp.
953 4143 1051 4202 LXIX,
1071 4149 1137 4194 sect.
1154 4162 1194 4204 ιιι,
1211 4161 1237 4195 n.
1255 4147 1288 4210 2).
1305 4145 1404 4196 Suurcz

272 4217 331 4280 ipse
346 4233 399 4267 non
415 4221 491 4270 tenet
503 4221 696 4284 obligationem
708 4223 778 4287 juris
792 4223 891 4282 divini,
905 4224 956 4272 nisi
971 4227 1002 4272 ut
1009 4223 1192 4287 probabilem.
1209 4226 1333 4290 vasquez
1343 4241 1401 4276 eum

273 4296 358 4347 habet
370 4302 400 4349 ut
411 4299 628 4363 probabiliorem
644 4301 690 4366 (ln
703 4304 778 4367 port.
794 4302 837 4352 lll
850 4303 881 4352 l).
901 4302 1020 4363 Tnomae,
1038 4305 1108 4368 disp.
1126 4304 1242 4366 CCXIV,
1259 4321 1282 4356 c.
1297 4308 1337 4370 n).
