3174 5046
1076 11 1580 177 ¹*

324 532 357 583 52
804 529 847 578 or
866 527 966 604 nissi

325 677 409 740 bora
429 681 507 740 ante
526 674 581 740 vel
597 680 674 762 post
693 672 886 761 legitimum
906 679 1059 760 tempus;
1082 669 1259 758 dequibus
1278 673 1349 736 suis
1370 671 1459 736 Iocis

324 791 446 875 agitur.

368 903 400 966 2.
424 903 473 966 De
497 901 725 986 Repularibus
755 900 826 966 haee
852 899 995 965 dicenda
1020 919 1027 966 :
1057 923 1087 964 a.
1118 897 1302 984 Privilegia
1328 898 1458 987 quibus

325 1017 385 1080 bac
409 1015 451 1080 de
475 1038 510 1079 re
535 1013 732 1080 fruebantur
756 1021 834 1080 ante
858 1036 953 1079 conc.
980 1013 1072 1079 Trid.
1101 1011 1155 1099 (v.
1181 1035 1230 1099 g.‚
1257 1011 1458 1078 celebrandi

323 1127 455 1194 duabus
463 1129 555 1193 horis
567 1136 645 1217 post
658 1127 803 1192 mediam
814 1135 962 1208 noctem,
974 1128 1030 1192 vel
1043 1134 1122 1215 post
1136 1125 1325 1208 meridiem,
1340 1133 1407 1191 etc.
1418 1129 1454 1214 ¹),

324 1267 503 1333 suppressa
519 1241 656 1308 suntab
674 1242 738 1306 hoe
755 1241 915 1322 concilio,
931 1265 961 1306 c.
979 1241 1112 1317 Quanta
1125 1263 1220 1323 cura,
1236 1263 1321 1306 sess
1342 1240 1455 1320 XXII,

323 1359 372 1423 De
394 1359 649 1423 observandis...
669 1358 703 1421 111
722 1357 945 1421 celebratione
965 1357 1088 1440 missae,
1110 1363 1150 1420 ut
1168 1361 1264 1443 patet
1283 1363 1359 1420 1313
1380 1355 1457 1444 ipso

324 1479 421 1538 textu
441 1473 542 1559 hujus
561 1471 696 1559 capitis,
719 1471 754 1534 in
778 1494 845 1559 quo
865 1470 1015 1536 dicitur:
1042 1499 1058 1529 «
1087 1469 1223 1550 Edicto,
1245 1469 1359 1557 poenis
1379 1493 1458 1558 pro—

324 1585 460 1672 positis,
483 1591 626 1650 caveant
651 1583 837 1674 (episcopi)
860 1609 908 1649 ne
922 1585 1110 1649 sacerdotes
1136 1583 1212 1648 aliis
1231 1605 1340 1668 quam
1359 1584 1459 1649 debi-

324 1699 365 1762 tis
381 1699 474 1764 boris
484 1699 707 1782 celebrent,...
725 1721 793 1764 non
814 1697 1029 1763 obstantibus
1044 1697 1251 1784 privileqiis‚
1268 1699 1459 1784 ecemptio

323 1813 438 1898 nibus,
456 1811 740 1901 appellationibus
755 1835 793 1878 ac
809 1810 1111 1878 consuetudinibus
1126 1810 1418 1900 quibuscumque;
1441 1840 1457 1872 n

322 1933 460 1993 -tum
487 1927 614 2016 pluries
638 1927 785 2014 allegato
811 1925 999 1991 Clementis
1023 1925 1069 1990 XI
1094 1926 1231 1990 decreto
1257 1925 1347 1990 Cum
1376 1949 1458 1990 sen-

322 2051 390 2126 cta,
415 2041 454 2108 15
482 2041 554 2107 dec.
586 2041 670 2108 1703
686 2045 708 2123 ³,
731 2040 823 2130 quod
842 2048 958 2128 aperte
984 2039 1146 2128 supponit
1166 2062 1349 2127 suppressa
1378 2063 1458 2106 esse

322 2154 541 2241 Regularium
566 2155 741 2242 priuilegia
767 2153 995 2220 celebrandi«
1019 2159 1115 2218 extra
1139 2153 1271 2219 debitas
1295 2153 1399 2220 horas
1419 2163 1459 2220 et

320 2275 398 2355 post
415 2267 591 2332 meridiem
609 2297 624 2328 n
642 2271 667 2350 3;
686 2309 729 2317 -
748 2271 782 2334 b.
805 2269 902 2334 Unde
922 2267 1127 2333 attendenda
1144 2275 1223 2333 sunt
1234 2267 1456 2334 solummodo

320 2380 495 2468 privilegia
533 2381 713 2470 impetrata
757 2391 835 2472 post
880 2406 974 2447 conc.
1019 2381 1125 2462 Trid,
1165 2405 1311 2470 quorum
1351 2391 1456 2448 tenor

320 2493 550 2582 inspiciendus
576 2504 629 2562 est
655 2505 688 2563 et
723 2497 824 2562 simul
850 2495 974 2585 quibus
998 2495 1295 2562 communicentur
1321 2497 1454 2563 ordini-

320 2607 394 2674 bus
418 2609 489 2690 Sic,
518 2610 552 2674 in
579 2611 734 2698 Gregorii
760 2611 840 2676 XIII
866 2611 958 2676 bulla
988 2609 1122 2686 Quanta
1147 2611 1182 2675 in
1209 2611 1321 2696 vinea,
1349 2613 1453 2676 nonis

320 2723 398 2788 maii
435 2723 535 2810 1578,
571 2725 722 2790 dicitur:
768 2753 782 2783 «
816 2725 887 2790 Nee
920 2748 988 2788 non
1024 2724 1234 2812 presbyteris
1267 2725 1453 2791 Societatis

321 2837 454 2926 (Iesu),
476 2846 515 2904 ut
533 2839 655 2904 missas
674 2861 734 2927 per
753 2839 871 2904 horam
890 2846 969 2904 ante
985 2861 1152 2919 auroram,
1175 2846 1209 2904 et
1228 2838 1315 2903 infra
1328 2837 1453 2905 horam

318 2959 396 3039 post
420 2953 612 3034 meridiem,
635 2953 782 3033 itineris,
805 2953 860 3017 vel
880 2952 1018 3018 alterius
1042 2951 1187 3038 legitimi
1210 2952 1451 3040 impedimenti

319 3087 436 3146 causa,
465 3066 506 3130 de
533 3067 681 3156 ipsius..
705 3067 882 3155 Praepositi
902 3063 1086 3154 generalis,
1109 3065 1164 3131 vel
1183 3065 1338 3152 cujusvis
1362 3068 1451 3133 alte-

319 3177 388 3241 rius
407 3179 450 3242 ad
465 3178 498 3242 id
513 3179 555 3243 ab
575 3203 614 3244 eo
634 3181 787 3268 deputati
807 3181 955 3263 licentia,
972 3179 1142 3246 celebrare
1157 3181 1312 3263 valeant,
1329 3191 1450 3247 aucto-

318 3289 418 3354 ritate
443 3292 643 3378 apostolica,
670 3303 786 3360 tenore
810 3295 1045 3383 praesentium,
1077 3293 1118 3360 de
1147 3293 1285 3383 speciali
1316 3297 1445 3382 gratia,

318 3401 562 3490 Indulgemus‘.
587 3407 725 3486 »Quod
750 3409 965 3497 privilegium
992 3408 1261 3474 communicatur
1287 3409 1449 3476 omnibus

319 3515 493 3583 ordinibus
512 3521 797 3590 mendicantibus.

362 3631 392 3697 3.
420 3631 661 3719 Missionariis,
695 3637 729 3700 in
765 3635 849 3702 locis
881 3637 1099 3718 missionum,
1128 3637 1162 3702 vi
1187 3637 1398 3722 facultatum
1426 3662 1445 3702 a

317 3743 351 3813 S.
378 3745 503 3834 Congr.
525 3747 567 3814 de
587 3749 688 3837 Prop.
711 3749 793 3814 Fide
813 3749 1062 3837 delegatarum,
1088 3751 1332 3817 communicari
1356 3751 1445 3817 solet

347 3941 356 3974 ¹
371 3943 452 4004 Apud
465 3941 492 3992 S.
508 3942 601 4006 Alph,
615 3943 662 3991 lib.
679 3943 730 4004 Vl,
746 3959 772 3994 n.
786 3949 840 3993 311.

346 4020 468 4071 ²Ilcluto
482 4023 554 4086 apud
570 4022 669 4072 Bened.
688 4023 751 4072 XIV
767 4027 829 4087 post
844 4025 1011 4088 encycIIcum
1031 4025 1143 4090 Magno,
1165 4031 1178 4073 2
1192 4025 1262 4089 junii
1280 4029 1336 4074 1751
1354 4025 1442 4089 (cult.

315 4101 425 4162 Bened.,
442 4105 462 4152 1.
479 4117 562 4163 111,3.
579 4105 677 4165 xcviii).

347 4181 411 4229 ³Cl.
428 4182 508 4230 etiam
525 4183 624 4232 Bened.
641 4182 713 4242 xlv,
730 4183 807 4242 lust„
823 4185 948 4243 LXVIII,
965 4200 990 4233 n.
1008 4191 1047 4234 11.

345 4263 356 4294 ⁴
370 4261 530 4310 Institutum
541 4261 682 4312 societatis
694 4263 773 4322 lou,
790 4263 896 4327 Prugoc,
911 4269 980 4322 1757,
997 4267 1017 4314 1.
1031 4281 1053 4320 1,
1074 4281 1101 4328 p.
1117 4271 1160 4326 663
1177 4294 1205 4303 -
1219 4265 1254 4315 cl.
1268 4266 1351 4316 etiam
1365 4265 1442 4316 Corn·

313 4339 441 4404 pendium
454 4341 665 4406 privilegiorum
679 4342 821 4392 Societatis
834 4345 913 4402 lesu,
930 4354 958 4391 νῦ
973 4344 1068 4402 Missa,
1086 4345 1162 4405 ibid,
1179 4361 1205 4408 p.
1222 4351 1276 4394 321.
