3180 5024
281 533 326 585 DE
344 533 612 586 TRANSMlSSlONE
631 535 672 586 ET
691 533 917 586 COLLECTlONE
936 535 1230 588 ELEEMOSYNARUM
1271 536 1322 588 ¹95

238 696 254 730 «
277 669 333 735 Ad
353 671 385 736 5.
409 668 636 735 Affirmative.

237 811 252 846 a
276 783 333 850 Ad
353 784 384 850 6.
408 783 586 870 Negallve.

237 925 253 960 a
275 898 331 964 Ad
351 899 383 964 Ἰ.
407 897 588 984 Negative,
611 897 677 962 nisi
692 897 733 964 de
753 921 921 963 consensu
940 897 1142 966 oblatorum.

236 1039 252 1074 a
276 1012 458 1100 Factaque,
481 1011 535 1076 die
555 1011 593 1077 31
617 1034 695 1098 aug.
715 1011 814 1093 1874,
829 1011 870 1076 de
890 1011 943 1076 his
962 1013 1120 1079 omnibus
1136 1013 1196 1080 SS.
1216 1015 1258 1080 D.
1274 1016 1318 1082 N.

190 1149 251 1215 per
270 1149 324 1191 me
343 1125 596 1213 infrascriptum
617 1125 836 1192 secretarium
857 1126 1035 1209 relatione,
1061 1127 1232 1194 Sanctitas
1253 1127 1321 1194 Sua

190 1239 417 1306 resolutiones
433 1238 467 1304 S.
486 1238 612 1326 Congr.
631 1239 817 1327 apostolica
830 1263 891 1304 sua
906 1241 1105 1306 auctoritate
1121 1243 1322 1330 approbavit

191 1363 225 1422 et
249 1353 478 1436 confirmavit,
512 1359 613 1440 atque
643 1351 686 1418 ad
717 1353 903 1442 Episcopos
930 1355 1116 1420 transmitti
1139 1355 1261 1444 jussit,
1283 1363 1322 1422 ut

190 1467 255 1556 ipsi
288 1490 346 1533 eas
378 1467 465 1532 intra
498 1467 642 1555 propriae
666 1467 915 1555 jurisdictionis
949 1467 1076 1534 limites
1105 1471 1322 1558 exequendas

190 1588 422 1671 perpetuoque
442 1587 476 1646 et
502 1580 744 1646 inviolabiliter
768 1582 953 1648 servandas
978 1591 1106 1649 curent.
1132 1583 1321 1658 Contrariis

191 1719 260 1762 non
280 1694 497 1762 obstantibus
516 1694 798 1784 quibuscumque.

236 1837 252 1871 a
277 1811 404 1874 Datum
424 1809 541 1875 Romae
561 1832 603 1874 ex
624 1810 803 1875 secretaria
824 1810 858 1876 S.
877 1809 915 1876 C.
932 1809 971 1878 C.
993 1811 1047 1876 die
1068 1811 1087 1880 9
1108 1821 1194 1900 sept.
1220 1813 1318 1880 1874.

189 1961 233 1974 —
263 1923 303 1990 P.
335 1923 435 1990 Card.
471 1922 621 1988 Caterini
650 1923 748 1989 Prmf.
786 1961 832 1972 —
864 1923 903 1989 P.
945 1923 1104 2012 Archiep.
1137 1925 1323 1992 Sardianus

190 2061 276 2104 secr.
291 2041 313 2104 ¹.
337 2065 353 2098 >r

234 2153 269 2217 2⁰
287 2151 468 2217 Decretum
488 2150 652 2238 vigilanti
672 2152 801 2234 studio,
823 2152 865 2218 25
883 2153 963 2218 maii
984 2151 1102 2219 18932.

237 2293 253 2328 a
275 2265 439 2354 Vigilanti
464 2263 578 2330 studio
602 2265 834 2330 convellendis
858 2266 1137 2355 eradicandisque
1157 2267 1321 2334 abusibus

189 2381 372 2446 missarum
392 2379 654 2444 celebrationem
679 2379 913 2468 spectantibus
928 2379 1057 2468 jugiter
1076 2381 1229 2448 incubuit
1248 2382 1320 2448 haec

189 2495 225 2562 S.
257 2493 312 2576 C,
347 2493 512 2582 pluraque
541 2493 647 2558 edidit
673 2493 824 2575 decreta,
855 2493 978 2581 quibus
1006 2517 1107 2561 omne
1134 2496 1196 2562 hac
1222 2497 1257 2561 in
1283 2519 1321 2564 re

189 2607 384 2674 damnabile
415 2607 547 2673 lucrum
585 2607 752 2674 removeri
785 2607 910 2686 voluit,
944 2608 1085 2698 piasque
1119 2611 1320 2675 testantium

188 2708 385 2787 voluntates
406 2727 441 2787 et
462 2720 661 2786 obstrictam
691 2719 963 2786 benefactoribus
989 2721 1091 2786 fidem
1111 2723 1319 2788 adamussim

189 2835 318 2900 servari
337 2835 562 2922 religioseque
582 2833 745 2900 custodiri
760 2833 946 2899 mandavit.

234 2975 251 3012 a
280 2949 493 3037 Quapropter
511 2947 555 3014 ad
569 2946 793 3013 cohibendam
811 2969 952 3036 pravam
971 2946 1196 3035 quorumdam
1215 2946 1320 3014 licen-

189 3063 274 3130 tiam
299 3063 357 3150 qui
380 3063 424 3129 ad
447 3060 697 3151 ephemerides,
723 3060 829 3126 libros
857 3059 1008 3150 aliasque
1034 3083 1162 3127 merces
1185 3059 1319 3128 facilius

189 3199 268 3242 cum
288 3176 378 3242 clero
398 3175 638 3242 commutanda
657 3174 838 3240 missarum
857 3197 921 3262 ope
940 3172 1134 3256 utebantur,
1152 3175 1318 3241 nonnulla

190 3290 386 3370 constituit,
408 3312 530 3378 eaque,
554 3289 615 3354 Pio
637 3288 706 3356 ΡΡ.
729 3289 776 3354 lX
795 3288 851 3355 fel.
874 3311 941 3354 rec.
964 3287 1189 3378 approbante,
1212 3289 1319 3356 edict

190 3403 378 3472 Ordinariis
397 3409 478 3469 nota
504 3402 578 3469 fieri
603 3403 750 3486 curavit,
771 3409 810 3468 ut
835 3401 877 3468 ab
906 3402 1063 3468 omnibus
1088 3410 1316 3470 servarentur.

190 3517 381 3606 Propositis
395 3539 543 3604 namque
562 3515 652 3582 inter
670 3515 735 3582 alia
756 3517 977 3606 sequentibus
996 3515 1150 3582 dubiis...
1172 3545 1187 3578 »

235 3632 299 3698 llic
320 3631 354 3698 S.
378 3631 504 3719 Congr.
527 3631 562 3696 in
586 3636 727 3696 extenso
752 3629 854 3697 refert
878 3631 1031 3718 quinque
1050 3631 1170 3716 priora
1194 3631 1317 3714 dubia,

190 3752 225 3812 et
242 3747 442 3833 septimum,
464 3745 506 3812 25
527 3744 606 3833 julii
625 3767 679 3810 an.
704 3744 807 3826 1874,
833 3767 910 3809 cum
930 3743 1001 3810 suis
1025 3741 1317 3830 responsionibus,

190 3865 228 3926 ut
247 3883 349 3949 supra
369 3859 539 3948 descripta
558 3865 650 3940 sunt,
672 3857 794 3926 deinde
813 3857 925 3947 pergit
943 3875 950 3924 τ

235 4001 251 4034 α
279 3973 348 4040 Sed
367 3997 445 4038 cum
469 3971 651 4061 postremis
675 3971 768 4038 hisce
796 3971 894 4036 annis
918 3969 1125 4054 constiterit,
1152 3970 1319 4048 salutares

189 4085 387 4175 hujusmodi
418 4087 660 4176 dispositiones
697 4085 888 4174 ignorantia
929 4091 988 4152 aut
1030 4083 1158 4150 malitia
1195 4085 1320 4173 saepius

220 4265 229 4300 ¹
246 4265 314 4314 Acta
326 4265 351 4314 S.
367 4263 458 4323 Sedis,
475 4267 495 4314 t.
512 4280 571 4322 vm,
588 4279 614 4328 p.
631 4267 752 4312 tot-toa.
875 4258 883 4274 '
1273 4299 1276 4307 .

221 4345 233 4380 ²
251 4345 311 4394 lloc
326 4345 410 4394 hebes
423 4346 450 4394 in
464 4349 576 4394 extenso
591 4345 625 4393 ad
639 4345 741 4394 calcem
752 4344 832 4408 hujus
847 4343 1000 4402 voluminis,
1016 4342 1208 4392 documentum
1223 4341 1238 4391 1
1243 4341 1270 4390 V.
