3180 5024
315 483 365 537 188
797 485 841 536 DE
860 484 961 536 tussa

357 629 392 694 2⁰
411 628 573 710 Proinde,
600 633 679 694 ante
703 628 816 692 omnia
842 627 1003 693 standum
1028 637 1082 694 est
1106 627 1220 694 verbis
1249 629 1395 708 indulti,
1419 631 1450 694 si

313 743 381 808 sint
399 741 505 822 clara3
533 742 562 808 si
585 740 727 830 proinde
751 741 923 807 indultum
943 741 1064 830 jubeat
1089 751 1199 808 toturn
1223 744 1365 810 omnino
1384 747 1450 808 sti-

308 856 492 942 pendium,
529 857 647 943 quoois
682 856 800 939 tituto,
839 857 940 920 etiam
978 857 1197 922 celebrationi
1236 858 1446 941 extrinseco,

314 978 499 1055 receptum,
532 970 719 1036 transmitti
754 969 931 1058 episcopo,
965 970 1060 1036 nulla
1092 971 1287 1036 difficultas.
1314 1011 1360 1022 -
1379 970 1449 1038 Sed

312 1106 430 1150 revera
458 1107 527 1149 non
554 1084 600 1150 ita
626 1089 694 1163 est;
727 1083 860 1150 indulta
891 1083 980 1148 enim
1013 1083 1210 1171 hujusmodi
1237 1086 1446 1172 permittunt

313 1197 474 1264 Paroehis
493 1198 641 1286 recipere
659 1197 867 1283 stipendium
885 1220 947 1283 pro
967 1198 1082 1263 missis
1101 1199 1142 1264 de
1162 1197 1287 1286 quibus
1312 1199 1445 1286 agitur,

313 1311 373 1379 sed
396 1337 436 1379 ea
459 1313 534 1400 lege
557 1320 596 1378 ut
620 1313 706 1378 illud
730 1312 869 1376 tradant
894 1311 1080 1400 Episcop03
1101 1312 1192 1377 unde
1216 1335 1342 1400 quum,
1369 1320 1447 1378 tum

311 1427 347 1492 in
366 1427 520 1507 indultis,
537 1433 611 1492 tum
626 1426 660 1490 in
675 1427 819 1492 decretis
833 1425 977 1508 Urbani,
993 1426 1112 1491 eadem
1131 1425 1235 1491 verba
1255 1425 1447 1492 adhibean-

312 1545 383 1622 tur,
405 1562 549 1628 pronum
569 1546 677 1606 estut
701 1538 819 1606 eadem
843 1539 945 1605 etiam
971 1540 1004 1604 in
1024 1548 1169 1628 utroque
1188 1539 1263 1604 loco
1283 1539 1447 1606 adhibea-

312 1661 367 1719 tur
390 1654 637 1742 interpretatio.

356 1768 389 1834 3⁰
409 1767 517 1848 Unde,
540 1769 569 1833 si
589 1767 743 1850 Paroehi,
766 1791 826 1855 pro
846 1770 962 1850 missa,
985 1768 1027 1834 de
1046 1791 1113 1856 qua
1133 1769 1257 1857 agitur,
1278 1768 1447 1857 recipiant

313 1883 518 1972 stipendium
538 1882 638 1948 solito
663 1881 791 1969 majuS,
810 1889 846 1948 et
864 1905 1026 1948 excessus
1045 1882 1207 1970 stipendii
1231 1891 1323 1948 certo
1343 1883 1448 1948 detur

312 1997 438 2064 intuitu
456 2020 608 2086 personae
633 1997 738 2084 ipsius
764 1995 922 2076 parochi,
945 1995 1000 2061 vel
1024 1994 1068 2060 ob
1097 1996 1258 2084 majorem
1288 1995 1445 2062 laborem

209 2145 217 2157 ·
313 2119 373 2177 aut
398 2111 650 2176 incommodum
674 2111 708 2176 in
735 2111 839 2176 missa
866 2109 1097 2192 subeundum,
1126 2118 1272 2199 possunt
1296 2111 1445 2178 Paroehi

313 2225 480 2312 Episcopo
509 2226 740 2291 transmittere
774 2225 912 2291 solitum
946 2224 1170 2312 stipendium,
1207 2233 1342 2291 retento
1378 2224 1445 2290 sibi

312 2360 465 2403 excessu.
493 2339 537 2404 Et
560 2339 595 2403 in
619 2339 682 2404 hoc
707 2362 810 2405 sensu
834 2339 1010 2427 respondit
1035 2339 1071 2404 S.
1095 2339 1220 2428 Congr.
1243 2338 1364 2419 Cone,
1388 2341 1443 2404 die

313 2451 350 2519 31
370 2451 442 2540 jan.
467 2451 568 2532 18803
592 2453 710 2518 adhoc
725 2455 816 2518 enim
831 2453 1011 2542 quaesitum
1030 2473 1037 2521 :
1056 2479 1071 2513 e
1089 2453 1145 2517 An
1162 2453 1316 2534 Paroehi,
1335 2455 1443 2519 misso

312 2565 354 2632 ad
362 2566 558 2654 episcopum
574 2567 742 2653 stipendio
755 2589 774 2632 a
787 2567 925 2632 statutis
941 2565 1142 2633 dioecesanis
1157 2573 1286 2649 taxato,
1302 2567 1440 2632 valeant

312 2679 376 2746 sibi
404 2681 584 2746 missarum
611 2680 835 2769 eleemosynae
862 2703 1041 2748 excessum
1066 2681 1210 2747 retinere
1234 2681 1268 2744 in
1290 2702 1390 2760 easu;
1427 2710 1441 2740 a

311 2796 485 2884 respondit
503 2815 510 2861 :
529 2823 544 2855 u
561 2795 735 2880 Nepative,
754 2796 819 2860 nisi
832 2795 955 2860 morali
970 2796 1172 2860 certitudine
1185 2802 1312 2860 constet
1329 2817 1441 2859 ecces-

310 2933 387 2975 aum
406 2909 594 2975 communie
608 2909 822 2994 eleemosyna
842 2909 995 2974 oblatum
1014 2909 1121 2994 [unse
1141 2909 1267 2974 intuitu
1284 2931 1440 2994 personae

312 3025 363 3088 vel
380 3026 423 3089 ob
444 3025 610 3111 majorem
631 3023 1159 3088 taboremaatincommouam1.
1187 3049 1202 3084 n

357 3137 390 3201 4⁰
409 3138 514 3204 Caute
534 3145 648 3202 tamen
676 3136 862 3202 notandum
888 3135 1075 3217 ParoohoS,
1101 3136 1159 3225 qui
1184 3135 1316 3204 duabus
1341 3161 1442 3225 paro-

311 3249 394 3314 chiis
413 3251 563 3339 praefecti
582 3257 678 3334 sunt,
701 3275 788 3338 saepe
804 3273 864 3338 pro
878 3249 992 3316 labore
1008 3250 1286 3332 extraordinario,
1302 3251 1438 3318 itinere.

311 3370 429 3444 cantu,
451 3386 525 3452 quae
545 3365 762 3454 requiruntur
780 3387 840 3452 pro
860 3364 963 3430 missa
984 3364 1019 3427 in
1044 3363 1148 3430 altera
1167 3363 1327 3453 parochia
1349 3365 1441 3430 cele-

310 3477 455 3561 branda,
477 3478 625 3566 recipere
650 3501 798 3544 annuam
818 3479 1092 3562 indemnitatem·
1112 3479 1146 3543 in
1166 3480 1229 3544 hoe
1248 3501 1347 3560 casu,
1370 3501 1441 3544 non

310 3599 455 3682 possunt
479 3594 624 3660 retinere
647 3599 779 3681 partem
803 3591 979 3681 stipendii,
1002 3615 1077 3681 quae
1102 3593 1180 3657 huic
1203 3592 1312 3658 labori
1327 3599 1441 3658 extra-

311 3707 478 3773 ordinario
494 3715 528 3773 et
547 3705 661 3772 cantui
680 3706 896 3794 respondeat:
916 3729 984 3772 non
1000 3705 1052 3770 Iris
1071 3706 1111 3770 de
1130 3707 1255 3771 eodem.

342 3909 351 3942 ¹
370 3911 437 3959 Acta
450 3909 475 3958 S.
491 3907 580 3966 Sedis,
598 3911 617 3956 t.
635 3923 692 3966 xm,
710 3921 735 3970 p.
754 3911 883 3956 tte-261„
983 3953 997 3976 ι
