3180 5024
247 482 292 532 DE
311 479 578 532 Tatnsulssman
597 481 637 531 ET
658 479 882 532 COLLECTIONE
901 481 1198 536 ELEEMOSYNARUM
1235 485 1283 537 191

153 625 240 692 ratio
261 647 423 705 censura,
444 647 567 712 nempe
587 625 721 690 lucrum
737 645 779 688 ex
798 624 861 689 hac
880 624 1078 691 collectione
1098 635 1283 716 captatum.

155 739 280 806 Unde:
304 737 335 804 l.
358 739 394 804 Si
417 740 493 828 quis
514 738 688 820 sacerdoS,
710 737 876 826 colligens
900 739 1039 823 missas,
1062 763 1186 829 easque
1210 742 1286 808 aliis

155 854 391 936 committam,
417 853 562 919 retineat
586 852 714 944 aliquid
742 854 776 918 in
797 853 874 939 pios
898 876 978 919 usus
1004 855 1283 942 impendendum,

155 974 273 1057 peccat
297 968 451 1056 quidem,
472 974 511 1033 ut
537 967 666 1032 dictum
691 973 758 1049 est,
781 967 842 1032 sed
866 990 934 1034 non
958 968 1093 1034 videtur
1115 970 1286 1037 incurrere

156 1082 542 1148 excommunicationem
573 1081 671 1172 (licet
703 1081 843 1170 quidam
872 1082 1154 1172 contradicant¹);
1185 1108 1286 1151 nemo

156 1197 247 1262 enim
271 1197 361 1262 dicet
385 1198 474 1262 hunc
504 1197 639 1262 lucrum
662 1205 817 1282 captare,·
836 1196 884 1278 ita
907 1195 1059 1285 plerique
1079 1207 1287 1266 commenta-

157 1317 282 1378 tores¹:
304 1349 345 1361 -
367 1312 399 1376 2.
427 1311 521 1376 Licet
536 1309 710 1376 collectori
730 1313 864 1396 reficere
884 1312 1066 1396 impensae,
1085 1335 1169 1402 quas
1188 1311 1283 1397 feeit,

155 1451 189 1492 v.
211 1451 260 1515 g.,
282 1427 318 1491 in
338 1425 539 1514 colligendis
559 1425 692 1508 missis,
714 1425 749 1490 in
769 1425 1027 1491 transmissione
1047 1427 1283 1516 epistolarum,

157 1547 241 1623 etc.;
262 1579 307 1590 -
327 1542 358 1607 3.
385 1541 462 1606 Non
486 1541 566 1606 licet
589 1540 763 1604 collectori
786 1539 973 1629 quidquam
999 1541 1144 1607 retinere
1164 1542 1205 1608 de
1225 1544 1286 1608 sti-

157 1655 290 1744 pendiis
316 1678 391 1743 quae
417 1654 535 1736 tradit,
565 1655 625 1720 sed
644 1653 763 1736 debet,
789 1661 828 1719 ut
848 1655 998 1720 vidimus
1022 1679 1065 1721 ex
1089 1658 1229 1722 decretis
1251 1665 1288 1724 et

158 1771 324 1856 responsis
348 1792 403 1835 an.
432 1769 535 1852 1625,
564 1792 603 1834 ea
629 1770 763 1855 integra
788 1770 1039 1851 transmittere,
1068 1772 1153 1858 quin
1179 1773 1288 1857 possit

159 1884 283 1968 ullam,
305 1884 356 1948 eet
380 1885 569 1968 minimam,
596 1906 715 1948 eorum
734 1891 871 1968 partem
894 1885 1057 1967 retinere,·
1090 1893 1124 1949 et
1146 1885 1208 1950 hoc
1235 1893 1288 1951 est

157 1998 296 2096 praecise
322 1998 456 2064 lucrum
481 1997 573 2086 quod
599 1995 799 2085 prohibetur
824 2005 976 2085 captare,
1000 2005 1034 2062 et
1060 1998 1198 2085 quidem
1224 1999 1287 2064 sub

157 2134 259 2202 poena
278 2111 638 2178 excommunicationis
648 2113 670 2177 ³.
694 2112 870 2192 Attamen,
888 2134 964 2176 eum
980 2111 1117 2199 quidam
1131 2112 1288 2178 doctores

157 2225 332 2292 collectori
355 2227 555 2315 permittant
580 2224 711 2314 aliquid
733 2225 894 2306 retinere,
923 2226 1023 2290 titulo
1046 2227 1211 2292 mercedis
1220 2249 1290 2314 pro

159 2341 290 2425 tabere,
320 2343 418 2406 medo
439 2342 484 2406 sit
510 2342 739 2424 moderatum,
767 2339 955 2429 praesertim
988 2340 1017 2406 si
1050 2340 1211 2406 collector
1243 2342 1288 2408 sit

157 2455 288 2520 electus
311 2455 353 2520 ab
380 2455 463 2542 ipsis
489 2453 738 2534 sacerdotibus,
772 2461 807 2519 et
833 2461 973 2520 sanetus
999 2455 1200 2542 Alphonsus
1223 2454 1287 2520 hoc

158 2569 250 2635 dicat
271 2592 336 2634 nen
356 2569 467 2634 videri
483 2569 708 2654 improbabile
719 2570 742 2652 ⁴,
758 2591 826 2632 non
840 2568 949 2633 ausim
965 2591 1028 2654 ego
1043 2569 1107 2634 hoc
1126 2569 1287 2634 damnare

158 2683 223 2748 sub
242 2705 342 2771 poena
362 2682 740 2762 excommunicationis3
764 2719 806 2730 —
831 2683 863 2747 d.
885 2683 1052 2762 Tandem,
1075 2705 1143 2747 non
1163 2681 1288 2748 sufficit

157 2797 290 2863 lucrum
311 2799 393 2882 leve,
416 2797 476 2862 sed
495 2796 677 2884 requiritur
694 2818 813 2881 praee,
834 2801 874 2860 ut
892 2818 952 2883 per
972 2819 1007 2860 se
1027 2801 1138 2883 patet.

204 2912 238 2976 l⁰
256 2913 408 2977 Lucrum
427 2919 614 2998 captantes,
634 2911 790 2996 faciendo
809 2933 864 2974 eas
878 2909 1042 2974 celebrari
1057 2910 1092 2972 in
1108 2909 1198 2992 locis,
1219 2915 1284 2974 ete.

158 3063 202 3076 -
222 3027 273 3091 En
294 3027 413 3091 modus
432 3049 499 3113 quo
518 3025 557 3090 fit
576 3025 720 3090 lucrum.
738 3025 787 3089 De
800 3047 867 3112 quo
882 3023 949 3087 duo
964 3021 1106 3087 dicenda
1125 3040 1132 3086 τ
1151 3025 1182 3087 l.
1200 3021 1289 3088 Con-

159 3141 357 3206 trovertitur
394 3163 493 3220 num,
531 3139 574 3204 ad
611 3138 850 3203 incurrendam
883 3135 1285 3218 excommunicationem,

158 3255 350 3343 requiratur
368 3255 544 3319 diversitas
565 3253 728 3337 locorum,
745 3275 827 3317 num
843 3251 971 3317 scilieet
987 3250 1151 3337 colligens
1170 3250 1205 3314 in
1219 3237 1288 3315 uiro

158 3370 246 3452 loeo,
269 3368 531 3435 celebrationem
551 3389 731 3456 procurare
750 3366 872 3432 debeat
893 3367 927 3430 in
947 3366 1013 3430 alio
1034 3366 1116 3448 loco,
1130 3364 1189 3429 ubi
1208 3365 1288 3430 mis·

77 3483 86 3496 '
159 3505 273 3548 sarum
301 3481 469 3571 stipendia
497 3481 638 3546 minoris
671 3479 771 3569 pretii
803 3503 877 3545 esse
909 3479 1031 3545 solent.
1069 3478 1139 3543 Alii
1170 3485 1289 3544 tenent

159 3597 285 3686 requiri
309 3598 538 3662 diversitatem
566 3596 733 3679 locorum,
761 3594 840 3682 quia
866 3617 988 3681 nempe
1014 3592 1069 3657 hic
1092 3598 1144 3656 est
1168 3614 1289 3657 sensus

159 3711 288 3808 obvius·
300 3710 477 3799 praesentis
496 3709 642 3792 articuli,
655 3717 689 3774 et
709 3715 761 3774 est
780 3707 902 3772 modus
921 3703 1111 3772 ordinarius
1127 3727 1193 3792 quo
1209 3727 1289 3792 cap-

192 3985 200 4018 ¹
220 3983 253 4032 V.
269 3999 305 4047 g..
321 3983 356 4032 cl.
372 3982 513 4044 Gasperri‚
530 3981 568 4029 De
582 3978 771 4037 Eucharistiae,
787 3994 813 4026 n.
830 3983 888 4037 600,
905 3993 931 4041 p.
948 3981 1002 4026 489.

192 4064 202 4098 ¹
220 4063 259 4113 Ct.
276 4063 349 4121 Piet,
366 4059 582 4112 Commentarius
598 4060 626 4109 in
643 4061 728 4109 const.
741 4079 753 4106 a
769 4057 931 4122 Apostotieoe
944 4055 1055 4114 Sedis»,
1069 4055 1196 4114 Teranei,
1213 4058 1287 4115 laet,

161 4160 188 4208 p.
205 4149 264 4203 ²⁰⁰3
282 4170 309 4179 -
326 4142 491 4201 Pennaccht,
507 4140 556 4190 loc.
573 4139 628 4198 cit,
645 4155 672 4204 p.
688 4143 743 4188 975.

194 4225 205 4259 ³
221 4223 300 4280 Quod
314 4223 369 4272 lete
380 4221 555 4286 prosequitur
571 4220 736 4279 Pennacchi‚
754 4219 803 4269 tec.
820 4217 875 4276 eit,
891 4234 917 4281 p.
934 4223 979 4265 972
998 4231 1038 4279 sq.

193 4305 206 4337 ⁴
222 4303 281 4352 Lib.
296 4301 346 4362 Vl,
363 4318 389 4350 n.
405 4307 463 4360 ³22,
478 4299 543 4350 dub.
556 4307 579 4349 3.
