3224 5044
529 526 573 576 DE
593 526 702 578 ulssls
722 529 886 582 FUNDATIS
1224 531 1274 585 155

147 670 288 734 decretis
322 691 378 734 an.
416 669 519 751 1697,
551 671 684 737 decreto
716 671 775 738 1¹.
810 711 855 724 -
887 675 1045 764 Insuper,
1079 699 1121 740 ex
1155 675 1275 740 eodem

147 784 278 848 decreto
315 781 353 866 1,
386 784 550 871 rescripta
592 786 849 854 condonationis
880 789 965 856 Rev.
1002 788 1151 854 Fabricae
1188 789 1274 855 hanc

147 919 282 984 semper
300 895 489 962 clausulam
508 898 683 966 continere
698 900 846 970 debent:
865 929 880 962 «
902 903 1094 968 Dummodo
1111 903 1275 969 malitiose

149 1031 215 1076 non
235 1011 426 1096 omiserint,
444 1012 558 1078 animo
575 1013 723 1080 habendi
742 1017 1037 1103 compositionem
1059 1018 1144 1083 alias
1161 1019 1275 1105 pratia

148 1126 243 1190 nullo
263 1127 362 1191 modo
380 1131 605 1212 auffrapetnr.
631 1157 647 1188 »
760 1201 762 1208 Ι

190 1239 224 1304 h.
251 1239 298 1304 Ut
323 1239 452 1305 reditus
481 1239 539 1328 qui
568 1249 751 1330 supersunt
783 1266 851 1308 non
878 1245 1054 1330 sufficiant
1079 1247 1275 1332 supplendis

148 1353 404 1437 omissionibus;
426 1353 518 1418 unde
541 1361 576 1420 ct
599 1363 781 1444 paupertas
806 1357 877 1423 sive
901 1337 1056 1424 absoluta
1081 1359 1152 1424 sive
1172 1360 1275 1425 etiam

146 1465 330 1554 aliquando
350 1466 492 1532 relativa
517 1468 642 1534 sufficit
662 1477 700 1535 ut
719 1469 754 1536 S.
778 1470 903 1559 Congr.
927 1470 1031 1538 Conc.
1054 1473 1275 1538 condonatio·
1309 1534 1312 1542 ,

147 1579 200 1644 nis
229 1581 373 1667 gratiam
402 1583 576 1648 concedat.
606 1581 705 1661 Quod
738 1584 857 1651 Lucidi
888 1587 1098 1652 demonstrat
1121 1587 1276 1676 pluribus

147 1694 313 1783 exemplis
326 1700 349 1761 ².

192 1807 225 1871 4⁰
243 1806 456 1874 Condonatio
476 1811 578 1876 etiam
598 1835 659 1900 pro
683 1813 796 1878 missis
821 1814 1038 1879 manualibus
1058 1814 1193 1879 omissis
1212 1813 1274 1878 ali-

146 1921 282 2009 quando
310 1923 537 1990 conceditur:
563 1925 605 1991 de
638 1949 704 2015 qua
728 1927 818 1992 idem
850 1927 918 1993 fere
946 1928 1127 1994 dicendum
1155 1933 1207 1992 est
1236 1949 1275 1991 ac

145 2058 206 2122 pro
225 2035 472 2104 condonatione
493 2039 671 2105 missarum
686 2040 935 2106 fundatarum³.

383 2395 402 2468 ᾖ
421 2395 456 2452 6.
475 2395 529 2454 De
549 2396 798 2456 translatione
818 2397 1037 2456 missarum.

191 2631 259 2701 82.
285 2669 324 2679 —
347 2630 573 2700 'translatio
592 2633 753 2720 proprie
772 2633 893 2702 diota.

197 2745 226 2807 1⁰
244 2745 359 2810 Notio.
382 2745 577 2812 -Dicitur
598 2747 776 2813 translatio
795 2747 938 2832 proprie
961 2747 1051 2811 dicta
1075 2747 1272 2826 missarum,

146 2860 283 2946 quando
307 2881 392 2925 onus
423 2861 535 2946 ipsum
566 2861 748 2926 missarum
776 2861 976 2926 auctoritate
1008 2860 1208 2946 competenti
1235 2859 1275 2922 de

149 2996 216 3039 una
231 2974 382 3058 ecclesia,
401 2976 619 3058 monasterio,
637 2976 754 3060 domo,
777 2982 856 3057 ete,
880 2978 1092 3060 transfertur
1105 2975 1139 3038 in
1158 2973 1273 3054 aliam,

146 3088 195 3153 ita
213 3095 252 3153 ut
271 3089 413 3154 ecclesia
433 3113 453 3153 a
479 3111 548 3176 qua
575 3113 643 3155 non
669 3089 815 3178 amplius
834 3096 990 3155 teneatur
1016 3088 1059 3154 ad
1078 3085 1276 3154 celebratio-

147 3223 227 3267 nem
252 3203 449 3286 missarum,
476 3203 536 3268 sed
559 3205 632 3269 sola
656 3203 799 3270 ccclesia
823 3207 868 3270 ad
890 3227 1007 3291 quam.
1031 3203 1145 3286 Unde,
1166 3199 1276 3290 posita

147 3316 210 3382 hac
225 3317 458 3400 translatione,
475 3317 549 3405 ipsa
563 3319 626 3383 dos
641 3318 849 3384 fundationis
866 3319 1041 3384 transferri
1056 3318 1157 3384 etiam
1176 3315 1277 3382 debet

147 3430 191 3496 ad
211 3431 390 3496 ecclesiam
414 3433 458 3496 ad
480 3451 608 3519 quam;
626 3434 654 3497 si
683 3433 820 3498 nonsit
848 3435 925 3516 dos,
949 3433 1009 3499 sed
1032 3439 1165 3499 tantum
1184 3431 1273 3497 redi-

147 3553 204 3609 tus
223 3543 266 3610 ab
286 3545 418 3611 haerede
437 3545 493 3612 vel
513 3547 675 3634 legatario
696 3547 879 3636 quotannis
903 3547 1074 3628 solvendi,
1102 3547 1277 3612 solventur

147 3667 267 3748 postea
286 3659 436 3725 ccclesiae
455 3661 631 3748 adquam.
649 3699 693 3712 -
709 3662 789 3726 Haee
808 3661 986 3726 translatio
1007 3661 1095 3727 solet
1114 3681 1188 3725 esse
1203 3679 1277 3747 pcr-

147 3781 268 3862 petua3
296 3779 446 3840 attamen
470 3781 584 3863 potest
603 3775 704 3840 etiam
731 3775 800 3863 peti
827 3782 861 3840 et
889 3775 1028 3840 concedi
1054 3776 1099 3839 ad
1127 3781 1274 3858 tempus,

147 3888 337 3975 praesertim
358 3887 493 3976 quando
517 3887 579 3953 dos
603 3887 811 3954 fundationis
835 3912 902 3953 non
928 3889 1036 3969 adest,
1059 3887 1119 3952 scd
1143 3891 1277 3951 tantum

149 4001 279 4067 reditus
299 4001 470 4084 solvendi,
491 4010 530 4068 ut
549 4002 677 4068 dictum
698 4009 761 4069 est.

182 4189 189 4221 ¹
208 4187 259 4238 Cit.
276 4188 428 4240 Innocentif
443 4189 493 4238 XII
510 4189 584 4240 bulla
599 4189 701 4254 Nuper,
719 4193 789 4250 §173
805 4191 877 4240 Bait.
895 4204 972 4249 rom„
987 4191 1005 4238 t.
1023 4203 1057 4248 n,
1074 4203 1100 4252 p.
1118 4191 1172 4237 ⁴69.

182 4267 193 4302 ²
209 4269 269 4318 Loc.
285 4269 341 4330 cit,
356 4285 382 4318 n.
396 4275 488 4319 90-96.

182 4347 193 4382 ³
209 4349 371 4400 Benedictus
386 4349 460 4410 XIV,
476 4351 525 4401 loc.
539 4349 596 4408 cit„
613 4365 638 4399 n.
655 4355 693 4398 29.
