3180 5024
314 525 364 579 lat
796 523 840 573 DE
860 520 961 573 mssa

311 671 484 759 neglectas
503 668 625 750 luisse,
647 673 682 733 et
706 666 833 732 abusus
858 665 921 730 hac
948 665 983 730 in
1010 686 1046 730 re
1065 663 1165 730 valde
1184 665 1329 752 lateque
1352 663 1444 730 inra-

310 785 431 864 luisse,
454 782 529 852 Emi
554 782 674 846 Patres
694 779 728 846 S.
751 803 846 846 conc.
868 779 959 845 Trid.
981 779 1185 867 interpretes
1209 801 1250 844 ac
1272 778 1444 860 vindices,

311 895 411 962 rebus
436 894 595 961 omnibus
621 894 656 958 in
690 893 817 982 duplici
835 891 985 981 generali
1019 897 1191 958 conventu
1214 899 1353 958 mature
1372 915 1446 981 per-

309 1010 443 1100 pensis,
465 1007 567 1074 olsrcii
593 1008 646 1074 sui
672 1029 746 1074 esse
773 1007 959 1086 duxerunt,
988 1005 1080 1093 quod
1106 1006 1240 1093 pridem
1269 1006 1446 1070 decretum

310 1130 382 1190 erat
412 1123 446 1188 in
478 1121 675 1188 memoriam
704 1120 907 1210 plenamque
936 1118 1190 1184 observantiam
1210 1120 1329 1185 denuo
1359 1119 1447 1209 apud

309 1261 428 1304 omnes
450 1259 624 1318 revocare,
642 1241 688 1307 ,et
709 1241 901 1323 opportuna
929 1234 1068 1323 insuper
1093 1233 1273 1299 sanctione
1299 1235 1444 1302 munire.

355 1381 371 1414 κ
390 1350 554 1418 Praesenti
569 1349 683 1437 itaque
697 1348 833 1414 decreto
849 1353 1005 1413 statuunt
1019 1346 1109 1436 (Emi
1125 1347 1245 1412 Patres
1260 1348 1300 1414 S.
1321 1347 1362 1413 C.
1379 1346 1445 1434 Q),

308 1471 363 1548 ut,
385 1467 420 1530 in
439 1473 626 1553 posterum,
644 1463 673 1528 si
688 1462 764 1550 quis
784 1485 824 1526 ax
841 1459 1042 1526 sacerdotali
1057 1461 1175 1527 ordine
1195 1469 1321 1527 contra
1340 1483 1446 1529 cnun-

309 1579 397 1644 ciata
430 1579 564 1643 decreta
598 1575 795 1664 deliquerit,
831 1575 1048 1664 suspensioni
1074 1597 1092 1640 a
1129 1573 1258 1640 divinis
1293 1575 1332 1642 S.
1370 1574 1447 1641 Sedi

308 1698 487 1758 reservata,²
507 1697 540 1756 ct
566 1690 640 1778 ipso
668 1689 756 1755 lacto
782 1689 994 1754 incurrendae
1013 1687 1183 1754 obnoxius
1214 1689 1277 1772 sit,
1302 1690 1446 1755 clericus

308 1813 422 1872 autem
456 1803 644 1870 sacerdotio
681 1803 834 1868 nondum
867 1803 1038 1884 initiatus,
1074 1803 1185 1868 eidem
1223 1803 1446 1894 suspensioni

308 1921 419 2010 quoad
445 1927 622 2008 susceptos
651 1917 787 1982 ordines
814 1916 972 1982 similiter
1002 1916 1192 2006 subjaceat,
1219 1925 1256 1983 et
1282 1917 1445 1983 inhabilis

306 2043 469 2124 practerea
495 2035 555 2100 liat
592 2031 634 2097 ad
670 2031 862 2120 superiores
899 2031 1036 2098 ordines
1067 2031 1333 2119 suscipiendos3
1370 2032 1444 2098 laici

306 2148 443 2212 demum
463 2145 812 2212 excommunicatione
832 2145 909 2210 latae
929 2145 1107 2210 sententiae
1128 2145 1310 2234 Episcopis
1335 2168 1444 2211 reser-

305 2267 384 2326 vata
403 2257 672 2347 obstringuntur.

350 2401 365 2434 «
394 2372 561 2439 Praeterea
590 2397 668 2438 cum
695 2372 903 2462 experientia
928 2371 1082 2437 docuerit
1106 2371 1196 2437 mala
1220 2396 1299 2460 quae
1327 2371 1441 2461 deplo-

304 2493 421 2554 rantur
440 2509 481 2552 ex
510 2509 549 2552 eo
576 2487 792 2575 potissimum
812 2485 978 2574 originem
1002 2485 1159 2574 viresque
1182 2485 1327 2568 ducere,
1351 2487 1440 2576 quod

305 2601 339 2666 in
355 2599 581 2688 quorumdam
607 2600 817 2689 privatorum
839 2622 961 2664 manus
983 2599 1092 2688 major
1119 2599 1302 2666 missarum
1325 2623 1440 2667 nume-

305 2738 362 2780 rus
386 2715 595 2802 congeritur,
624 2737 728 2802 quam
748 2715 842 2802 justa
868 2713 1056 2778 necessitas
1085 2713 1208 2801 exigit,
1235 2713 1312 2781 ideo
1339 2716 1439 2782 iidem

307 2829 381 2894 Emi
394 2829 525 2909 Patres,
544 2828 746 2892 inhaerentes
757 2825 1038 2914 dispositionibus
1051 2849 1070 2892 a
1081 2827 1182 2894 Rom.
1199 2827 1436 2910 Pontificibus,

304 2966 343 3008 ac
366 2943 553 3031 praesertim
578 2940 621 3007 ab
644 2939 782 3007 Urbano
802 2937 882 3004 Vlll
903 2945 937 3004 et
956 2939 1156 3008 Innocentio
1180 2941 1244 3008 XII
1265 2943 1299 3008 in
1326 2951 1435 3010 const.

305 3057 393 3122 Cum
406 3079 490 3142 aaepc
504 3057 689 3142 contingat,
707 3055 791 3120 alias
810 3053 912 3136 datis,
934 3053 998 3118 sub
1017 3055 1113 3142 gravi
1132 3055 1336 3123 obedientiae
1356 3081 1436 3148 pra

304 3177 401 3257 cepto
428 3169 615 3235 decernunt
641 3191 679 3234 ac
710 3167 891 3248 mandant,
923 3174 962 3234 ut
995 3168 1030 3232 in
1063 3177 1238 3257 posterum
1262 3195 1386 3238 omnes
1405 3177 1436 3236 ct

304 3281 446 3368 singuli,
477 3281 603 3371 ubique
640 3283 809 3364 locorum,
847 3281 1040 3348 beneficiati
1076 3289 1110 3348 et
1143 3283 1436 3352 administratores

304 3416 482 3460 causarum
509 3395 641 3483 piarum
668 3405 727 3463 aut
748 3403 934 3485 utcumque
966 3395 1010 3462 ad
1035 3397 1217 3463 missarum
1243 3421 1348 3465 onera
1374 3401 1435 3464 im·

304 3510 428 3600 plenda
447 3509 604 3598 obligati,
627 3512 698 3577 sive
719 3511 958 3596 ecclesiastici,
980 3511 1053 3577 sive
1073 3511 1163 3594 laici,
1181 3513 1215 3576 in
1236 3513 1304 3579 fine
1323 3515 1431 3603 cujus·

303 3624 387 3691 libet
406 3623 502 3706 anni,
529 3625 708 3691 missarum
733 3647 836 3691 onera
860 3647 936 3714 quac
966 3625 1095 3714 reliqua
1127 3631 1225 3709 sunt,
1252 3629 1433 3717 atquibus

304 3737 455 3804 nondum
487 3738 728 3822 satisfecerint,
763 3739 907 3828 propriis
942 3739 1131 3805 Ordinariis
1162 3740 1301 3807 tradant
1334 3743 1432 3831 juxta

304 3853 443 3919 modum
462 3851 504 3918 ab
524 3853 565 3918 iis
584 3853 826 3920 deliniendum.
845 3853 1017 3920 Ordinarii
1040 3861 1154 3919 autem
1179 3863 1336 3944 acceptas
1356 3857 1432 3922 mis·

304 3989 418 4034 sarum
450 3967 656 4033 intentiones
686 3991 771 4050 cum¹
793 3968 924 4034 adnexo
953 3968 1122 4056 stipendio
1146 3969 1295 4058 primum
1323 3971 1433 4037 distri·

303 4079 408 4147 buent
440 4082 529 4148 inter
560 4081 753 4148 sacerdotes
787 4082 851 4148 sibi
877 4081 1051 4170 subjectos
1084 4103 1170 4170 quos
1200 4083 1250 4148 eis
1283 4083 1431 4172 indigere

303 4195 483 4278 noverint3
512 4196 595 4262 alias
622 4195 743 4263 deinde
771 4205 829 4264 aut
859 4197 894 4264 S.
934 4197 1030 4279 Sedi,
1057 4202 1116 4261 aut
1144 4193 1219 4261 aliis
1246 4187 1432 4264 Ordinariis

303 4307 533 4392 committent,
568 4315 627 4373 aut
659 4311 762 4376 etiarn
795 4312 824 4378 si
856 4312 981 4396 velint,
1018 4309 1252 4377 sacerdotibus
1289 4311 1430 4378 aliarum
