3246 5026
322 502 375 555 ³⁹0
803 504 846 554 DE
865 502 963 554 ulssn

322 637 447 699 demum
475 639 795 700 excommunicatione
820 639 889 698 latre
915 639 1077 699 sententiae
1104 637 1266 719 Episcopis
1289 645 1451 699 reservata

321 735 568 814 obstringantur.

365 831 518 890 Praeterea
538 851 608 891 cum
631 832 822 912 experientia
844 831 999 904 docuerit,
1020 831 1117 906 mala,
1139 852 1209 913 quae
1230 830 1449 913 deplorantur,

320 947 360 986 ex
380 947 418 986 eo
438 927 635 1008 potissimum
655 928 807 1006 originem
828 929 972 1009 viresque
993 927 1123 1002 ducere,
1140 928 1225 1009 quod
1246 928 1277 986 in
1300 948 1451 1008 quorum·

321 1022 394 1081 dam
422 1023 615 1103 privatorum
643 1044 752 1084 manus
778 1024 878 1105 major
904 1024 1068 1084 missarum
1095 1044 1243 1084 numerus
1268 1023 1452 1102 congeritur

320 1139 416 1200 quarn
429 1119 514 1200 justa
530 1107 698 1180 necessitas
712 1121 824 1200 exigit,
841 1121 912 1180 ideo
927 1119 1021 1180 iidem
1038 1120 1107 1180 Emi
1123 1121 1241 1195 Patres,
1259 1118 1451 1202 inhaerentes

321 1214 582 1296 dispositionibus
601 1237 617 1276 a
639 1215 789 1277 Romanis
809 1216 1029 1294 Pontificibus,
1046 1237 1082 1277 ac
1101 1215 1273 1298 praesertim
1294 1215 1332 1275 ab
1350 1214 1452 1275 Urba·

323 1331 364 1372 no
379 1311 457 1370 VIII
477 1320 508 1372 et
528 1312 712 1373 Innocentio
727 1313 784 1372 XII
801 1312 832 1371 in
849 1311 956 1372 Const.
976 1311 1056 1374 Cum
1075 1332 1157 1394 saepe
1175 1309 1355 1394 contingat,
1372 1310 1452 1371 alias

321 1407 420 1484 datie,
437 1409 495 1468 sub
511 1409 598 1489 gravi
613 1409 799 1469 obedientiae
819 1417 976 1490 praecepto
991 1409 1164 1470 decernunt
1178 1429 1215 1468 ac
1230 1407 1398 1480 mandant,
1415 1414 1453 1466 ut

322 1503 354 1562 in
367 1511 528 1584 posterum
541 1525 649 1565 omnes
663 1511 694 1564 et
708 1504 821 1583 singuli
836 1504 952 1586 ubique
964 1505 1104 1566 locorum
1118 1504 1293 1567 beneficiati
1308 1511 1339 1564 et
1352 1503 1452 1564 admi·

323 1600 505 1661 nistratores
523 1600 644 1680 piarum
665 1621 828 1661 causarum
848 1609 903 1662 aut
922 1609 1091 1683 utcumque
1111 1601 1148 1662 ad
1170 1601 1333 1661 missarum
1354 1621 1451 1660 onera

322 1697 481 1778 implenda
500 1696 629 1776 obligati
650 1697 715 1757 sive
734 1697 935 1758 ecclesiastici
956 1699 1021 1758 sive
1041 1698 1126 1772 laici,
1149 1699 1179 1756 in
1200 1698 1261 1757 line
1281 1696 1454 1777 cujuslibet

321 1793 396 1852 anni
411 1793 574 1854 missarum
591 1814 697 1868 onera,
712 1815 782 1874 quae
798 1795 917 1874 reliqua
932 1803 1017 1868 sunt,
1032 1803 1064 1854 et
1078 1793 1192 1875 quibus
1207 1794 1346 1854 nondum
1362 1793 1454 1853 satis-

321 1889 465 1964 fecerint,
481 1891 612 1972 propriis
626 1890 797 1950 Ordinariis
811 1889 937 1951 tradant
947 1890 1038 1972 juxta
1053 1891 1181 1951 modum
1197 1890 1236 1950 ab
1251 1890 1288 1950 iis
1301 1889 1454 1949 delinien-

320 1985 408 2045 dum.
422 1985 576 2046 Ordinarii
589 1993 694 2046 autem
708 1993 850 2066 acceptas
863 1985 1027 2046 missarum
1041 1986 1230 2046 intentiones
1243 2005 1314 2046 cum
1328 1983 1453 2044 adnexo

321 2081 480 2162 stipendio
507 2083 640 2162 primum
665 2082 855 2143 distribuent
880 2083 962 2142 inter
988 2081 1166 2142 sacerdotes
1189 2081 1248 2141 sibi
1273 2081 1452 2163 subjectos,

322 2197 401 2256 quos
423 2177 467 2236 eis
489 2177 628 2255 indigere
651 2179 814 2250 noverint;
837 2179 912 2238 alias
934 2179 1046 2239 deinde
1069 2185 1123 2239 aut
1142 2180 1174 2238 S.
1196 2177 1285 2252 Sedi,
1308 2183 1363 2237 aut
1382 2176 1454 2236 aliis

322 2271 495 2332 Ordinariis
508 2273 716 2352 committent,
731 2281 786 2334 aut
801 2275 906 2350 etiam,
921 2275 946 2335 si
963 2275 1072 2349 velint,
1087 2273 1303 2335 sacerdotibus
1318 2273 1453 2334 aliarum

321 2368 510 2443 dioeceseon,
522 2369 693 2430 dummodo
707 2370 765 2429 sibi
779 2371 844 2430 noti
858 2373 932 2450 sint,
945 2372 1091 2452 omnique
1105 2371 1289 2451 exceptione
1302 2370 1452 2451 majoreS,

320 2473 354 2524 et
369 2465 508 2544 legitima
529 2465 715 2526 documenta
736 2467 830 2527 edant
849 2467 930 2528 intra
951 2468 1111 2548 praefixum
1132 2487 1304 2546 congruum
1327 2473 1454 2546 tempus

321 2561 437 2642 quibus
452 2561 491 2622 de
506 2569 614 2623 exacta
630 2563 810 2623 earumdem
826 2563 1038 2624 satisfactione
1054 2571 1186 2625 constet.

364 2657 519 2738 Denique,
537 2659 690 2719 revocatis
706 2660 956 2740 quibuscumque
972 2660 1101 2720 indultis
1116 2668 1147 2720 et
1163 2659 1336 2740 privilegiis
1352 2679 1455 2740 usque

323 2774 407 2814 nunc
422 2755 577 2816 concessis
593 2777 662 2836 quas
683 2757 844 2837 praesentis
864 2755 981 2816 decreti
1002 2755 1259 2836 dispositionibus
1280 2763 1455 2836 utcumque

323 2851 540 2926 adversentur,
558 2853 589 2913 S.
608 2852 816 2933 Congregatio
836 2872 919 2912 curae
939 2859 970 2912 et
990 2851 1094 2913 officio
1109 2851 1304 2932 singulorum
1320 2850 1456 2912 Ordina-

324 2948 443 3009 riorum
463 2949 646 3025 committit,
668 2957 703 3010 ut
722 2971 858 3030 praesens
880 2949 1040 3009 decretum
1063 2949 1208 3008 omnibus
1232 2939 1455 3009 ecclesiasticis

326 3066 390 3105 suae
402 3045 613 3126 jurisdictioni
629 3045 777 3127 subjectis
793 3046 923 3128 aliisque
939 3065 1071 3126 quorum
1088 3065 1126 3105 ex
1148 3045 1336 3124 prescriptis
1356 3043 1453 3104 inter-

323 3147 388 3206 est.
411 3149 520 3200 notum
543 3142 675 3202 sollicite
701 3142 831 3216 faciant,
857 3162 895 3201 ne
920 3142 989 3222 quis
1010 3141 1040 3199 in
1062 3147 1220 3221 posterum
1242 3141 1454 3220 ignorantiam

325 3237 470 3315 allegare,
488 3245 542 3298 aut
556 3237 595 3296 ab
611 3237 704 3318 hujus
720 3238 837 3298 decreti
852 3237 1049 3297 observantia
1065 3257 1097 3296 se
1113 3257 1261 3296 excusare
1277 3236 1456 3317 quomodo-

326 3331 403 3392 libet
418 3333 533 3412 possit;
556 3341 587 3392 et
606 3333 743 3413 insuper,
761 3342 796 3393 ut
815 3334 928 3394 sivein
948 3355 1033 3393 sacra
1050 3332 1243 3404 visitatione,
1261 3334 1327 3392 sive
1347 3341 1454 3406 extra,

325 3427 436 3489 sedulo
452 3428 596 3507 vigilent,
613 3449 651 3488 ne
667 3429 782 3488 abusus
798 3429 855 3490 bac
870 3431 901 3490 in
917 3451 949 3490 re
965 3429 1076 3488 iterum
1093 3429 1277 3488 inolescant.

368 3527 461 3586 Facta
486 3532 589 3585 autem
614 3525 653 3584 de
679 3525 727 3584 bis
754 3525 899 3586 omnibus
925 3525 1074 3585 relatione
1099 3525 1198 3584 SSrno
1222 3525 1261 3585 D.
1290 3526 1328 3585 N.
1358 3525 1457 3586 Leoni

330 3623 391 3684 PP.
409 3622 484 3682 XIII
501 3643 555 3702 per
574 3621 806 3702 infrascriptum
828 3623 859 3682 S.
877 3621 1136 3700 Congregationis
1153 3621 1358 3696 Praefectum,
1376 3622 1456 3680 San-

324 3719 418 3778 ctitas
438 3719 499 3778 Sua
519 3719 579 3778 hoc
600 3719 748 3778 Eurorum
771 3717 897 3779 Patrem
918 3717 1077 3776 decretum
1099 3725 1200 3778 ratum
1226 3716 1356 3790 habuit,
1382 3738 1457 3776 con-

329 3814 463 3873 firmavit
485 3821 579 3894 atque
602 3813 651 3874 edi
673 3813 848 3889 mandavit,
871 3812 1034 3875 contrariis
1054 3813 1305 3894 quibuscumque
1328 3814 1458 3874 minime

326 3910 538 3971 obstantibus,

372 4041 484 4098 ilatum
501 4043 623 4110 Romae,
641 4037 690 4098 die
707 4039 743 4098 25
759 4039 831 4099 maii
849 4041 935 4098 1893.

557 4179 703 4236 deorsus
718 4176 811 4237 Card.
831 4177 1002 4258 Episcopus
1018 4175 1212 4250 Sabinensis,
1232 4176 1414 4236 Praefectus.

791 4306 985 4378 L..Snevn·r1,
1001 4305 1202 4366 Secretarius.
