3180 5024
303 463 356 514 250
759 461 762 466 '
788 461 833 510 DE
853 459 951 510 lllSSll

304 609 416 672 nimus
435 605 627 672 sacerdotes
647 611 843 684 extraneos,
862 605 891 668 si
905 603 975 668 sint
989 603 1130 669 alterius
1149 601 1320 682 diaecesis,
1335 604 1437 668 satis-

304 721 423 786 fecisse
447 719 584 786 statutis
609 717 811 784 dioecesanis
836 717 877 782 de
904 717 1027 782 litteris
1047 716 1333 782 commendatitiis
1353 715 1438 802 Epi-

304 835 413 922 scopi;
435 833 585 921 alioquin
606 854 668 897 neo
687 839 828 919 possent
847 831 992 898 admitti.

347 950 383 1012 2⁰
402 948 537 1012 Scotusa
556 947 812 1029 consuetudine,
835 968 902 1010 non
924 952 1058 1010 tenetur
1077 945 1248 1010 ordinarie
1267 944 1437 1030 parochus

304 1069 362 1128 aut
380 1069 490 1127 rector
505 1061 655 1126 ecclesian
675 1060 853 1127 admittere
873 1058 1064 1125 sacerdotes
1084 1065 1265 1123 extraneos
1284 1059 1326 1121 ad
1347 1057 1436 1122 eele-

303 1176 471 1243 brandum
486 1176 520 1239 in
536 1198 596 1240 sua
615 1175 773 1255 ecclesia,
791 1175 926 1262 illisque
940 1173 1089 1262 praebere
1108 1179 1306 1260 paramenta
1325 1195 1432 1236 sacra.

303 1331 347 1340 -
381 1291 460 1356 Haec
491 1289 624 1354 videtur
655 1311 728 1353 esse
756 1286 1023 1376 jurisprudentia
1054 1286 1088 1352 S.
1122 1286 1435 1374 Congregationum

304 1407 404 1472 Rom.
427 1405 482 1471 Sic
502 1404 537 1470 S.
565 1403 634 1469 Rit.
658 1403 784 1491 Congr.
807 1403 843 1466 in
863 1403 1074 1488 Epitanien„
1098 1401 1138 1466 10
1154 1401 1244 1489 junii
1266 1399 1370 1480 1602,
1393 1399 1436 1464 ad

303 1520 366 1583 hoc
391 1517 569 1606 quaesitum
592 1537 598 1583 :
623 1543 638 1577 a
666 1517 697 1582 3.
721 1518 777 1582 An
798 1516 985 1604 Episcopus
1009 1515 1118 1604 possit
1140 1537 1262 1600 cogere
1286 1522 1436 1580 rectores

304 1632 519 1696 ecclesiarum
539 1630 782 1718 parochialium
802 1654 871 1696 suso
890 1629 1061 1710 dioecesis,
1077 1636 1115 1693 ut
1133 1629 1267 1708 vinum,
1290 1629 1432 1707 hostias,

304 1752 499 1836 paramenta
523 1752 557 1810 et
581 1752 700 1810 catera
726 1745 768 1810 ad
794 1743 1032 1809 celebrandum
1059 1743 1248 1808 necessaria
1268 1741 1435 1807 submini-

304 1869 413 1926 strent
436 1859 659 1948 presbyteris,
686 1859 720 1922 in
746 1881 861 1924 eorum
887 1857 1055 1946 parochiis
1074 1857 1379 1936 commorantibus,
1400 1865 1434 1922 et

305 1977 339 2040 in
370 1999 484 2040 eorum
515 1973 665 2039 ecclesiis
694 1972 863 2037 celebrare
890 1971 1105 2054 solentibus,
1132 1972 1231 2060 juxta
1260 1972 1433 2060 antiquam

304 2088 598 2168 consuetudinem,
622 2115 637 2148 a
652 2086 847 2174 respondit:
866 2114 882 2146 «
903 2086 1110 2175 Episcopum
1123 2108 1189 2151 non
1205 2107 1304 2171 posse
1318 2109 1434 2172 coqerr

301 2201 480 2288 praedictos
505 2211 664 2286 rectores,
690 2202 748 2266 sed
774 2201 922 2284 hortari,
944 2207 978 2274 et
1001 2207 1149 2265 rectores
1173 2207 1264 2265 recte
1287 2199 1434 2265 facturos

304 2316 332 2380 si
353 2314 594 2379 monitionibus
614 2321 646 2380 et
667 2315 892 2380 hortamentis
912 2313 1070 2402 Episcopi
1089 2321 1229 2401 pareant
1242 2319 1264 2378 ¹.
1289 2342 1304 2374 η
1324 2314 1434 2392 Quam

305 2429 510 2494 decisionem
534 2429 711 2494 innovavit
736 2429 854 2493 iisdem
878 2428 1209 2516 prorsusterminis,
1230 2436 1304 2494 tum
1324 2427 1433 2516 quoad

304 2541 489 2631 capitulum
509 2551 678 2624 curatum,
701 2543 735 2608 in
760 2543 918 2626 Soanea„
942 2543 978 2609 31
1003 2542 1084 2607 maii
1107 2541 1208 2624 1698,
1230 2549 1303 2608 tum
1323 2541 1434 2632 quoad

304 2658 504 2746 parochum,
526 2657 560 2722 in
585 2659 742 2740 Nebiea.,
765 2657 802 2723 31
827 2657 939 2723 martii
961 2657 1046 2723 1703
1059 2657 1081 2722 ¹.
1105 2697 1149 2705 —
1169 2657 1265 2722 Hanc
1285 2656 1433 2743 discipli-

305 2796 384 2838 nam
403 2779 517 2838 secuta
538 2780 589 2838 est
609 2772 709 2838 etiam
729 2773 764 2838 S.
784 2771 909 2858 Congr.
933 2771 995 2859 Ep.
1018 2778 1052 2836 et
1071 2771 1171 2858 aeg,
1190 2795 1223 2836 v.
1241 2795 1291 2858 g.‚
1314 2771 1348 2835 in
1368 2795 1431 2836 una

304 2888 432 2953 Montis
451 2888 590 2971 Falisci,
614 2889 653 2953 15
674 2887 754 2952 maii
776 2884 895 2952 16993.

350 3003 385 3069 3⁰
409 3003 488 3066 Dixi
511 3009 625 3067 tamen
650 3001 836 3083 ordinarie,
864 2999 959 3087 quia,
985 3005 1023 3063 ut
1047 2999 1165 3063 dicunt
1188 2999 1379 3080 doctores⁴,
1405 3001 1432 3064 si

305 3115 493 3204 presbyteri
518 3139 611 3197 raro,
642 3137 683 3180 ex
711 3114 908 3196 devotione,
937 3113 992 3179 vel
1020 3113 1086 3178 alia
1115 3136 1232 3195 causa,
1266 3112 1433 3179 celebrare

304 3229 449 3310 vellent,
471 3237 582 3294 rector
601 3229 752 3294 ecclesiae
771 3235 943 3294 teneretur
963 3227 1039 3291 illos
1058 3227 1237 3292 admittere
1256 3235 1291 3293 et
1310 3227 1432 3293 adhoc

305 3342 380 3428 cogi
403 3365 503 3430 posse
526 3343 662 3408 videtur
681 3343 723 3408 ab
743 3343 926 3432 Episcopo;
954 3364 1021 3406 non
1045 3341 1143 3406 decet
1169 3341 1259 3406 enim
1286 3342 1433 3428 postula-

307 3456 432 3522 tionem
448 3455 532 3522 adeo
547 3456 783 3522 rationabilem
799 3465 833 3523 et
852 3456 967 3522 divino
983 3454 1090 3520 cultui
1109 3453 1281 3520 faventem
1300 3456 1429 3544 repelli.

304 3571 521 3660 -Insuper,
544 3572 573 3637 si
596 3571 685 3637 adsit
705 3570 913 3638 consuetudo
937 3577 975 3635 ut
997 3568 1222 3635 admittantur
1241 3569 1432 3636 sacerdotes

304 3685 338 3749 in
354 3686 415 3751 tali
429 3685 570 3752 ecclesia
590 3685 758 3752 celebrare
773 3687 943 3765 volenteS,
962 3682 1088 3748 servari
1108 3681 1225 3762 debet;
1248 3685 1329 3750 talis
1344 3684 1431 3750 enim

337 3947 345 3982 ¹
363 3947 476 3997 Decreta
491 3949 662 4007 authentica,
681 3967 707 3999 n.
723 3955 766 4007 96,
784 3953 803 3998 t.
818 3965 837 4007 ι,
855 3965 880 4012 p.
896 3955 934 3998 11.

335 4027 346 4063 ²
362 4027 443 4086 Ibld„
457 4045 483 4078 n.
500 4035 574 4088 1999,
591 4034 660 4088 2101,
676 4034 695 4078 1.
712 4047 733 4088 1,
748 4045 773 4092 p.
790 4033 911 4088 137,167.

335 4108 345 4143 ³
362 4108 443 4171 Apud
458 4109 575 4169 Giraldi,
592 4111 625 4159 ad
644 4110 777 4168 uerbosa,
798 4109 836 4158 De
855 4109 947 4174 officio
968 4113 994 4161 et
1010 4113 1146 4177 potestate
1167 4111 1297 4176 parochi,
1323 4125 1385 4174 pars
1404 4109 1426 4163 1.

304 4201 327 4236 c.
343 4203 382 4246 xr,
399 4205 425 4237 n.
442 4193 542 4248 52-53,
560 4190 666 4249 Romae,
683 4195 756 4249 1831,
774 4206 799 4254 p.
817 4195 870 4239 106.

334 4269 345 4303 ⁴
363 4267 395 4316 V.
410 4285 444 4332 pn,
461 4269 577 4328 Giraldi,
591 4271 625 4320 ad
640 4271 772 4330 Barbosa,
790 4270 866 4328 ibid..
883 4287 908 4320 n.
925 4276 968 4331 53,
985 4289 1010 4336 p.
1028 4277 1081 4321 106.
