3246 5026
225 517 227 522 ¹
322 501 367 552 DE
385 501 543 553 TEMPORE
562 499 796 553 DlSTRlBUENDl
817 501 949 553 sucula
968 499 1218 553 COMMUNIONEM
1282 497 1332 550 313

206 644 369 732 paulatim
387 643 514 732 ubique
538 651 673 733 recepta
695 651 763 728 est,
789 645 978 733 praesertim
997 651 1074 733 post
1098 643 1227 710 editum
1246 641 1331 708 Mie-

206 759 274 824 sale
301 780 499 842 romanum,
529 781 584 824 an.
614 757 717 840 1570,
739 766 775 825 et
800 758 974 825 decretum
999 757 1033 824 S.
1061 758 1186 845 Congr.
1210 755 1330 837 Cone,

206 895 260 937 an.
286 871 388 962 1679,
411 872 452 938 de
472 872 595 960 quibus
615 873 742 939 statim.

250 986 286 1050 2⁰
315 986 369 1051 Ita
397 988 517 1052 suadet
542 988 681 1052 rubrica
705 987 854 1054 Miasalie
886 988 1035 1070 romani,
1062 986 1097 1050 in
1126 984 1208 1050 feria
1237 985 1266 1046 V
1298 985 1332 1048 in

207 1099 308 1165 Coena
322 1099 460 1166 Domini
476 1122 488 1166 .·
507 1127 523 1160 «
547 1100 655 1166 Hodie
675 1101 831 1165 sacerdos
852 1107 1025 1166 consecrat
1045 1097 1129 1163 duas
1144 1097 1330 1176 hostias...·,

206 1213 348 1279 alteram
365 1221 518 1280 'reservat
545 1237 607 1302 pro
637 1214 691 1280 die
722 1214 893 1302 sequenti,
916 1213 950 1276 in
975 1235 1042 1301 quo
1066 1235 1134 1278 non
1158 1211 1333 1276 conficitur

206 1335 469 1408 sacramentum3
490 1336 636 1394 reservat
650 1329 751 1392 ctiam
765 1329 899 1414 aliquas
908 1328 1098 1413 particulas
1112 1332 1331 1406 consecratas,

204 1443 234 1506 si
252 1465 335 1528 opus
354 1443 479 1528 suerit,
501 1465 569 1528 pro
596 1443 767 1527 infirmis,·
787 1471 803 1504 »
828 1442 857 1507 si
882 1466 944 1532 pro
974 1443 1136 1528 infirmia,
1166 1462 1246 1526 ergo
1265 1460 1333 1503 non

205 1579 265 1644 pro
283 1557 386 1620 sanic.
412 1595 455 1604 -
476 1558 655 1638 Attamen,
681 1564 720 1622 ut
741 1579 856 1644 perse
880 1564 990 1644 patet,
1013 1579 1081 1622 non
1106 1561 1159 1620 est
1187 1551 1333 1642 prohibi-

206 1669 252 1734 tio
279 1670 421 1751 directa,
449 1693 510 1734 nec
534 1671 641 1751 clara,
671 1695 773 1736 sacrae
796 1671 1045 1736 communionis
1075 1693 1136 1758 pro
1164 1668 1272 1747 sanis,
1300 1668 1333 1730 in

205 1783 258 1848 die
279 1784 500 1863 Parasceves;
523 1784 546 1848 ii
567 1785 679 1872 quiin
699 1785 825 1872 scripta
845 1786 1048 1870 redegerunt
1067 1783 1204 1848 Miasalc
1224 1803 1334 1846 roma-

206 1920 304 1982 num,
335 1897 564 1986 loquebantur
592 1899 626 1962 in
663 1896 842 1986 hypothesi
875 1906 909 1964 et
935 1899 977 1962 ad
1003 1905 1153 1962 mentem
1185 1887 1333 1960 romanae

204 2011 477 2090 consuetudinis,
505 2011 657 2077 sednon
691 2011 870 2092 curabant,
893 2018 927 2078 et
955 2011 1040 2077 forte
1073 2033 1115 2076 ne
1139 2008 1333 2098 cogitabant

204 2125 353 2212 quidem,
376 2125 417 2190 de
437 2108 640 2212 imponenda
660 2125 867 2214 obligatione
886 2125 1109 2192 abstinendis
1129 2147 1224 2190 sacra
1243 2146 1334 2189 com·

204 2239 375 2304 munione.
400 2239 510 2322 Unde,
532 2241 634 2305 etiam
649 2249 728 2328 post
747 2241 876 2307 editum
895 2241 1044 2324 Mucalc,
1062 2239 1200 2328 plurimi
1219 2238 1333 2304 docto·

185 2352 411 2418 'res¹docere
431 2377 499 2418 non
520 2362 696 2420 cessarunt
714 2356 845 2421 nullam
865 2379 939 2421 esse
959 2354 1223 2444 prohibitionem
1243 2377 1333 2419 com-

205 2467 400 2532 muuicaudi
433 2466 468 2531 in
499 2467 553 2535 die
585 2468 790 2534 Parasceves
818 2489 825 2536 :
855 2469 945 2558 quod
975 2469 1099 2536 Suarez
1131 2475 1225 2534 tenet
1258 2489 1332 2532 esse

204 2579 414 2667 probabilius
425 2585 446 2645 ².

250 2696 285 2762 3ο
312 2695 366 2760 lla
390 2696 496 2782 jubet
521 2696 557 2762 S.
587 2697 714 2782 Conqr.
748 2696 868 2780 Cone,
904 2697 935 2760 in
967 2697 1114 2778 decreto,
1146 2697 1213 2759 vim
1251 2696 1333 2780 lepis

207 2810 365 2893 habente,
397 2832 452 2876 on.
491 2809 587 2876 1679.
619 2849 663 2858 -
691 2810 805 2889 Quum
833 2809 923 2874 enim
956 2808 1143 2874 audivisset
1166 2807 1332 2873 Innocen-

205 2923 272 2988 tius
296 2922 359 3005 Xl,
387 2923 422 2988 in
447 2923 650 3012 quibusdam
680 2923 899 3005 dioecesibuS,
936 2923 1024 2988 inter
1053 2923 1133 3004 alia,
1168 2949 1183 2983 α
1217 2921 1332 3007 vigere

204 3031 304 3102 usum
330 3037 535 3124 quotidianae
561 3037 827 3120 communionis,
854 3039 956 3102 etiam
981 3038 1127 3123 inferia
1158 3036 1206 3100 Vl
1226 3035 1332 3100 Para-

204 3139 314 3234 sceoae,
336 3177 353 3212 o
368 3174 439 3216 rem
459 3151 494 3217 S.
514 3149 779 3239 Congregationi
798 3151 942 3218 Concilii
962 3149 1222 3218 examinandam
1240 3172 1332 3215 com-

205 3264 314 3346 misit,
341 3287 433 3354 quae,
464 3265 518 3330 die
548 3265 589 3332 12
616 3265 700 3332 febr.
737 3266 839 3348 1679,
871 3265 1002 3332 celebre
1030 3265 1135 3332 edidit
1158 3265 1332 3332 decretum

207 3377 255 3443 Dc
274 3380 473 3465 quotidiana
492 3381 742 3464 communione,
765 3381 856 3469 quod
876 3380 1095 3447 Innocentius
1117 3379 1329 3469 approbavit,

206 3491 437 3581 publicarique
446 3493 550 3582 jussit
560 3495 581 3558 ³.
599 3493 704 3560 Porro
717 3495 751 3559 in
765 3495 829 3560 hoc
839 3493 974 3561 decreto
988 3495 1152 3583 legimus:
1169 3521 1184 3556 o
1204 3493 1331 3560 Curent

206 3606 308 3672 etiam
333 3607 545 3696 (Episcopi),
567 3615 622 3689 ut,
654 3609 742 3674 circa
770 3609 1043 3674 communionem
1071 3609 1106 3672 in
1130 3607 1210 3673 seria
1235 3613 1331 3672 sexta

207 3720 419 3804 Parascevae,
436 3721 478 3786 M
478 3723 585 3788 ieratis
605 3723 749 3788 rubrica
768 3731 801 3788 ct
814 3723 969 3788 Ecclesia
983 3724 1142 3788 Romana
1163 3744 1243 3788 usus
1261 3743 1331 3786 ser-

205 3843 337 3900 ventur.
359 3861 375 3896 »
391 3835 520 3901 Undea
539 3843 692 3924 tempore
713 3836 812 3925 hujus
831 3836 958 3903 decreti
973 3837 1118 3904 cessavit
1137 3843 1331 3902 controver-

148 4049 151 4054 ,
238 3996 245 4028 ¹
265 3996 385 4054 Quorum
402 3997 495 4046 videas
515 3997 624 4046 nomina
638 3999 711 4060 apud
726 3997 884 4061 Pignatelli,
899 3999 1021 4048 Consutt.
1032 4013 1101 4057 cao,
1119 3999 1237 4047 Coloniae
1252 3997 1330 4045 Allo-

206 4075 333 4138 brogum,
350 4074 467 4126 consult.
482 4091 528 4134 xc,
545 4091 571 4125 n.
589 4083 615 4135 1,
632 4079 651 4125 1.
668 4093 707 4134 m,
725 4081 793 4134 1111,
808 4093 834 4140 p.
851 4081 906 4125 151).

236 4153 247 4188 ²
265 4153 375 4214 Suarez,
392 4153 442 4204 loc.
459 4153 515 4213 cu,
531 4155 602 4218 disp.
618 4155 728 4212 Lxxx,
745 4159 811 4206 sect.
829 4172 858 4214 u,
875 4171 902 4204 n.
919 4161 941 4204 1.

237 4233 248 4268 ³
264 4233 342 4290 Quod
356 4233 430 4296 legas
439 4233 467 4281 in
479 4237 591 4284 extenso
604 4235 676 4296 apud
687 4233 803 4292 Giraldi,
815 4233 964 4298 Erporitio,
976 4238 1038 4294 ete,
1054 4237 1123 4297 part.
1136 4233 1170 4292 11,
1181 4235 1248 4282 sect.
1261 4248 1329 4291 cmv,

205 4315 225 4360 t.
242 4327 281 4365 m,
298 4325 324 4374 p.
341 4315 468 4368 seo-891,
483 4312 525 4360 vel
542 4313 613 4374 opud
629 4311 721 4370 Petra,
738 4312 770 4361 In
789 4317 874 4363 comt.
890 4313 935 4362 XX
954 4313 1072 4378 Eupeuii
1084 4313 1099 4361 l
1104 4313 1132 4372 V,
1149 4317 1168 4362 t.
1185 4327 1220 4371 ιν,
1233 4327 1259 4375 p.
1275 4318 1330 4363 302.
