3246 5026
685 453 886 506 occumbam
1297 454 1349 506 359

221 600 377 682 Episcopo
393 598 572 680 injunctum
597 618 677 657 onus
703 598 866 670 reducere,
888 619 924 658 ac
947 599 1118 680 moderari,
1141 599 1241 678 legem
1268 601 1348 660 banc

221 695 429 769 fundationis,
446 715 539 776 quam
555 693 680 754 decreta
695 695 754 754 hac
771 687 809 754 de
829 715 861 754 re
877 693 960 754 edita
976 715 1038 754 non
1055 695 1263 769 sustulerunt,
1281 717 1349 756 esse

220 792 371 865 validam,
389 797 421 850 ct
436 789 673 851 observandam.

259 887 309 948 Ad
332 887 372 946 ll.
397 887 471 946 Esse
495 885 699 966 intelligenda
722 887 761 946 de
787 887 1020 967 praescriptione
1044 887 1125 948 lacta
1147 889 1186 948 ab
1211 909 1263 962 eo,
1294 890 1347 969 qui

219 987 447 1064 eleemosynam
464 983 590 1056 tribuit,
607 1004 670 1042 non
687 989 790 1043 autem
806 983 845 1043 ab
859 982 1035 1043 Ordinario.
1054 984 1144 1052 Quod
1162 985 1187 1044 si
1209 984 1349 1044 tribuens

219 1081 447 1160 eleemosynam
472 1100 635 1140 numerum
657 1080 820 1140 missarum
848 1079 1104 1140 celebrandarum
1125 1101 1188 1140 non
1209 1081 1348 1161 praescri·

220 1178 326 1258 pserit,
342 1185 417 1237 tunc
433 1181 480 1236 tot
495 1176 603 1236 missas
619 1175 769 1236 celebrari
782 1175 906 1248 dehere,
921 1175 1004 1256 quod
1020 1177 1244 1256 praescripserit
1258 1177 1349 1236 Ordi-

219 1274 323 1334 narius
339 1273 511 1333 secundum
527 1293 646 1332 morem
662 1273 812 1344 civitatis,
831 1272 879 1331 vel
896 1272 1075 1352 provinciae.

259 1370 306 1430 Ad
323 1369 380 1429 lll.
395 1370 518 1429 Teneri.

261 1466 309 1526 Ad
326 1466 379 1526 IV.
398 1465 598 1537 Sacerdotes,
621 1464 733 1546 quibus
758 1465 868 1525 diebus
892 1472 1038 1525 tenentur
1059 1466 1168 1525 missas
1191 1465 1348 1526 celebrare

219 1562 338 1622 ratione
354 1561 511 1634 beneficii,
528 1582 582 1620 seu
598 1561 740 1642 capellae,
756 1561 864 1640 legati,
881 1570 935 1621 aut
955 1561 1072 1632 salarii,
1090 1561 1115 1620 si
1135 1563 1347 1643 eleemosynas

218 1679 275 1738 pro
290 1658 358 1718 aliis
378 1659 470 1718 ctiam
491 1657 591 1717 missis
610 1657 805 1718 celebrandis
825 1659 1033 1738 susceperint,
1053 1679 1114 1718 non
1132 1679 1222 1739 posse
1237 1659 1345 1719 eadem

217 1755 310 1814 missa
326 1755 450 1836 utrique
466 1754 648 1833 obligationi
664 1754 853 1814 satisfacere.

257 1850 304 1909 Ad
321 1851 359 1910 V.
375 1851 521 1924 Censuit,
536 1851 590 1910 ubi
609 1850 726 1910 nullam
742 1859 858 1911 certam
875 1849 1101 1930 eleemosynam
1125 1857 1256 1910 testator
1275 1851 1347 1910 reli-

217 1947 300 2028 quit,
317 1969 384 2007 esse
399 1947 438 2006 ab
454 1947 610 2028 Episcopo
629 1947 890 2028 praescribendam
907 1947 1136 2027 eleemosynam
1157 1967 1344 2026 congruam,

216 2063 285 2123 quae
311 2043 498 2123 respondeat
520 2043 667 2102 oneribus
691 2042 855 2102 missarum
878 2042 1149 2114 celebrandarum,
1174 2042 1344 2104 secundum

216 2158 335 2200 morem
351 2139 487 2198 civitatis
504 2139 552 2198 vel
569 2139 749 2219 provinciae.

255 2235 303 2294 Ad
320 2235 374 2296 Vl.
394 2236 440 2295 Ita
457 2256 523 2294 esse
538 2234 751 2314 intelligenda.

255 2332 302 2390 Ad
320 2331 389 2391 VII.
408 2331 582 2412 Respondit
595 2331 840 2412 permittendum
856 2353 918 2392 non
933 2353 1011 2407 esse,
1027 2339 1061 2392 ut
1076 2333 1213 2392 ecclesiae
1228 2353 1264 2393 ac
1276 2333 1343 2393 loca

215 2427 280 2508 pia,
298 2447 352 2487 seu
368 2428 493 2488 illorum
509 2428 793 2502 administratores,
810 2449 848 2488 ex
863 2428 1068 2509 eleemosynis
1084 2429 1247 2489 missarum
1263 2431 1345 2489 cele·

215 2523 419 2596 brandarum,
451 2524 562 2597 ullam,
594 2532 763 2605 utcumque
792 2525 951 2584 minimam
982 2524 1156 2604 portionem
1190 2525 1343 2588 retineant

215 2620 333 2680 ratione
358 2641 580 2701 expensarum,
607 2642 683 2701 quas
708 2620 843 2680 subeunt
871 2621 900 2678 in
928 2621 1091 2681 missarum
1116 2620 1341 2692 celebratione,

214 2715 272 2774 nisi
287 2737 358 2776 cum
374 2717 528 2788 ecclcsiae,
546 2723 577 2776 et
592 2715 660 2776 loca
681 2717 730 2797 pia
750 2715 828 2776 alios
848 2736 909 2775 non
926 2715 1041 2775 habent
1060 2715 1193 2788 reditus,
1211 2737 1290 2797 quos
1310 2718 1341 2775 in

214 2832 304 2872 usum
329 2813 506 2872 earumdem
534 2832 740 2892 expensarum
767 2832 895 2891 erogare
922 2811 1005 2870 licite
1033 2811 1170 2891 possint:
1194 2819 1224 2871 et
1250 2819 1339 2884 tunc,

213 2929 305 2989 quam
329 2909 506 2989 portionem
531 2908 726 2982 retinebunt,
748 2908 926 2968 nullatenus
947 2908 1060 2967 debere
1081 2906 1230 2967 excedere
1252 2908 1341 2968 valc-

212 3024 276 3064 rem
307 3025 529 3085 expensarum,
557 3025 626 3086 quae
657 3024 713 3085 pro
742 3005 876 3085 ipsomet
908 3011 1029 3064 tantum
1057 3003 1159 3063 missae
1188 3004 1341 3064 sacrificio

211 3102 387 3161 necessario
403 3109 475 3160 sunt
492 3101 679 3174 subeundae3
694 3108 725 3160 et
743 3099 961 3174 nihilominus,
979 3121 1015 3160 eo
1031 3101 1123 3160 etiam
1139 3121 1211 3160 casu
1229 3120 1340 3160 curan-

211 3197 286 3258 dum
307 3219 389 3269 esse,
411 3205 445 3258 ut
465 3218 502 3257 ex
522 3197 661 3278 pecuniis
686 3217 755 3278 quae
782 3203 964 3278 supersunt,
986 3198 1144 3279 expensis,
1167 3205 1201 3257 ut
1227 3217 1336 3277 supra,

211 3292 370 3368 deductis,
392 3293 535 3354 absolute
556 3301 602 3353 tot
622 3293 723 3353 missae
744 3294 951 3370 celebrentur,
968 3302 1046 3376 quot
1065 3295 1253 3375 praescriptae
1274 3293 1340 3354 luc·

210 3390 273 3450 rint
288 3391 327 3450 ab
343 3390 545 3450 ollerentibus
561 3389 785 3472 eleemosynas.

250 3487 299 3546 Ad
315 3487 342 3544 V
346 3487 402 3548 lll.
421 3486 491 3546 Non
507 3485 621 3546 habere
636 3486 752 3561 locum,
766 3487 820 3546 sed
836 3488 909 3546 satis
925 3507 1002 3560 esse,
1018 3495 1052 3547 ut
1067 3493 1168 3545 rector
1183 3487 1337 3560 beneficii,

210 3583 263 3663 qui
287 3590 390 3664 potest
412 3583 537 3644 missam
560 3603 615 3664 per
637 3583 731 3643 alium
751 3583 925 3656 celebrare,
947 3583 1064 3642 tribuat
1085 3582 1239 3642 sacerdoti
1259 3583 1339 3642 cele·

211 3679 313 3740 branti
338 3679 566 3760 eleemosynam
589 3699 775 3759 congruam,
799 3679 969 3739 secundum
992 3699 1108 3739 morem
1130 3679 1265 3739 civitatis
1288 3679 1337 3739 vel

210 3775 395 3856 provinciae,
424 3776 482 3834 nisi
511 3777 543 3834 in
575 3775 757 3836 fundatione
790 3776 886 3857 ipsius
917 3775 1058 3836 beneficii
1094 3775 1177 3836 aliud
1211 3783 1337 3836 cautum

208 3872 315 3932 fuerit.

248 3968 296 4028 nd
313 3969 352 4028 X.
371 3967 492 4028 Debere
510 3967 653 4029 absolute
672 3969 825 4048 integram
843 3969 1068 4049 eleemosynam
1085 3969 1220 4028 tribuere
1235 3991 1337 4030 sacer·

208 4063 276 4124 doti
292 4063 477 4136 celebranti,
496 4087 553 4126 nec
568 4064 663 4124 ullam
679 4065 761 4124 illius
777 4071 895 4145 partem
911 4065 969 4124 sibi
986 4065 1119 4124 retinere
1134 4085 1235 4145 posse.

249 4159 297 4220 Ad
312 4161 367 4220 xl.
386 4160 577 4241 Respondit,
593 4181 654 4221 non
671 4161 836 4242 prohibere
851 4161 1009 4233 absolute;
1031 4182 1066 4221 ac
1086 4167 1265 4242 propterea,
1281 4162 1338 4222 etsi

211 4256 431 4338 oneribusjam
447 4258 601 4339 susceptis
617 4279 680 4318 non
695 4256 913 4332 satisfecerint,
928 4278 1017 4338 posse
1034 4265 1137 4319 tamen
1150 4279 1230 4318 nova
1246 4261 1339 4319 ctiam
