3246 5026
609 498 613 504 “
677 517 878 570 nocunenra
1289 517 1341 570 asa

210 659 271 718 sibi
286 665 422 732 retenta,
437 658 656 719 celebrandam
671 662 865 734 committat;
882 662 1033 742 quaeritur
1044 683 1084 722 an
1098 661 1340 742 permittendum

212 757 253 815 sit
274 754 579 816 administratoribus
601 756 802 840 ecelesiarum
823 765 857 817 nt
877 759 1034 818 retineant
1052 759 1187 840 aliquam
1209 758 1341 818 eleemo-

211 872 359 933 synarum
379 851 556 932 portionem
581 871 637 931 pro
659 853 803 934 expensis
823 855 1070 915 manutentionis
1090 853 1243 928 ecclesiae,
1265 854 1341 914 alta-

211 948 308 1022 rium,
325 947 577 1022 inservientium,
598 958 867 1028 paramentorum,
885 950 1054 1024 luminum,
1070 952 1150 1020 vini,
1167 950 1294 1024 hostiae,
1310 958 1342 1010 et

211 1043 382 1103 similium?

251 1139 339 1199 VIII.
355 1141 404 1198 An
419 1140 480 1199 hoc
494 1139 655 1200 decretum
672 1141 784 1201 habeat
799 1143 901 1202 locum
918 1142 949 1201 in
965 1142 1134 1215 benefieiis,
1150 1163 1220 1223 quae
1236 1142 1340 1202 conle-

212 1243 325 1296 rnntur
339 1236 371 1294 in
389 1236 526 1310 titulum,
542 1236 633 1311 idest,
648 1258 688 1297 an
703 1245 807 1298 rector
822 1238 975 1312 beneficii,
991 1239 1043 1320 qni
1060 1245 1163 1320 potest
1175 1259 1233 1319 per
1244 1238 1339 1298 alium

211 1332 384 1406 celebrare,
417 1339 560 1393 teneatur
593 1333 748 1394 sacerdoti
782 1334 952 1394 celebranti
981 1334 1054 1394 dare
1082 1334 1271 1415 stipendium
1301 1333 1340 1394 ad

213 1429 364 1489 rationem
380 1429 537 1489 redituum
554 1429 715 1490 beneficit?

251 1525 290 1585 X.
321 1527 369 1584 An
408 1525 586 1586 sacerdotes
623 1525 736 1608 quibus
769 1527 937 1607 aliquando
974 1529 1104 1587 ollertur
1141 1527 1339 1608 eleemosyna

211 1621 313 1702 major
339 1620 429 1681 solita
458 1643 514 1702 pro
543 1622 754 1683 celebratione
784 1624 903 1698 missen,
934 1623 1069 1684 debeant
1097 1623 1170 1684 dare
1200 1622 1339 1684 eamdem

212 1718 365 1796 integram
387 1717 616 1798 eleemosynam
637 1719 689 1792 iis,
711 1719 825 1801 quibus
847 1721 957 1780 missas
979 1720 1178 1780 celebrandas
1198 1719 1340 1781 commit·

214 1821 301 1888 tnnt;
318 1835 357 1874 an
374 1835 449 1874 vero
465 1815 539 1874 satis
559 1815 599 1874 sit
620 1823 654 1874 ut
673 1815 751 1875 dent
765 1816 996 1876 celebrantibus
1016 1817 1245 1896 eleemosynam
1266 1835 1339 1876 con-

212 1909 354 1970 suetam?

251 2005 304 2066 XI.
329 2007 430 2086 Super
449 2006 560 2088 quinto
580 2006 722 2088 ejusdem
743 2007 859 2086 Congr.
882 2008 1020 2080 decreto,
1046 2029 1108 2088 quo
1128 2007 1210 2068 inter
1228 2015 1339 2068 caetera

210 2102 359 2162 statuitur
379 2103 409 2161 in
431 2103 498 2162 haee
520 2103 634 2163 verba:
652 2103 881 2184 Eleemosynae
901 2123 972 2164 nero
993 2104 1170 2180 manuales,
1188 2112 1217 2164 et
1236 2103 1340 2187 quoti-

209 2197 323 2258 dianas
341 2219 401 2278 pro
422 2198 528 2258 missis
548 2198 764 2277 celebrandis,
783 2199 826 2260 ita
847 2199 971 2260 demum
994 2199 1090 2260 iidem
1109 2200 1253 2282 accr'pere
1267 2220 1340 2281 pos·

210 2294 284 2372 sint,
299 2294 329 2354 sr‘
342 2293 493 2355 oneribus
508 2302 601 2356 antea
617 2295 774 2378 impositis
789 2296 833 2358 ita
846 2295 1059 2378 satisfecerint
1076 2303 1108 2357 nt
1124 2318 1202 2358 nora
1215 2318 1340 2379 qrroque

210 2411 305 2452 onera
320 2389 409 2452 oln're
425 2391 548 2452 caleant
555 2439 563 2470 ,
581 2391 724 2474 alioquin
747 2393 874 2452 onnnno
894 2392 1075 2454 abstineant
1093 2391 1135 2453 ab
1155 2392 1341 2475 hujusmodi

206 2487 432 2570 eleemosynis,
454 2487 547 2548 etiam
571 2495 681 2568 sponte
702 2487 834 2566 oblatis,
858 2488 890 2548 in
913 2488 1058 2570 [uturnrn
1081 2489 1287 2571 recipiendis,
1310 2496 1339 2550 et

206 2583 355 2664 capsulas
377 2583 540 2665 auferant,
566 2593 640 2657 etc.;
664 2585 826 2664 quaeritur,
847 2605 887 2644 an
908 2585 967 2644 hoc
989 2585 1153 2645 decretum
1175 2585 1339 2666 prohibeat

207 2679 365 2754 absolute,
382 2681 551 2761 quominus
566 2681 721 2762 accipiant
743 2701 840 2740 novas
860 2680 1072 2760 eleemosynas
1093 2681 1113 2739 ii
1128 2682 1183 2762 qui
1199 2682 1337 2762 acceptis

210 2797 270 2834 non
287 2775 523 2850 satisfecerun13
540 2784 572 2836 et
590 2777 681 2858 quid,
699 2777 723 2836 si
740 2797 878 2856 congruo
900 2784 1038 2857 tempore
1053 2777 1175 2857 possint
1190 2777 1337 2837 omnibus

205 2871 409 2933 satisfacere?

247 2969 317 3028 XII.
330 2968 410 3037 Quid
423 2969 447 3028 si
459 2970 592 3029 ollerens
603 2969 827 3050 eleemosynas,
840 2968 948 3030 audito
959 2968 1193 3050 impedimento,
1206 2989 1335 3030 consen-

206 3065 279 3138 tiat,
296 3071 332 3124 ut
347 3065 491 3126 sacerdos
507 3065 632 3125 missam
647 3065 801 3140 celebret,
818 3087 889 3125 cum
905 3066 1039 3146 primum
1054 3065 1194 3146 poterit‘l

246 3159 331 3221 XIII.
349 3163 398 3220 An
418 3181 510 3242 poena
530 3161 703 3235 interdicti,
720 3169 752 3222 et
766 3161 835 3222 aliae
855 3161 1005 3243 appositae
1026 3162 1057 3220 in
1077 3161 1187 3222 eodem
1208 3160 1333 3222 decreto

205 3256 355 3332 alliciant,
373 3265 436 3318 tam
457 3257 578 3339 eosqui
598 3257 758 3338 accipiunt
777 3259 990 3340 eleemosynas
1010 3266 1117 3319 contra
1139 3258 1271 3319 formam
1289 3257 1342 3318 ibi‘

205 3353 418 3434 praescriptam
434 3373 526 3434 quam
542 3374 612 3427 eos,
630 3354 682 3436 qui
704 3375 767 3415 non
787 3355 933 3416 auferunt
953 3356 1096 3436 capsulas
1116 3356 1154 3416 ab
1174 3355 1329 3428 ecclesiis,

204 3457 239 3508 ut
254 3449 368 3509 ibidem
385 3450 587 3531 praecipitur?

244 3545 328 3605 XIV.
346 3547 395 3605 An
416 3546 447 3606 in
468 3546 527 3606 hoe
547 3547 674 3607 decreto
694 3546 1001 3628 comprehendantur
1016 3547 1076 3606 illm
1092 3547 1242 3628 capsulae,
1259 3567 1328 3627 quae

201 3643 316 3724 apponi
333 3643 434 3703 solent
453 3643 483 3703 in
505 3643 643 3704 ecclesiis
662 3643 694 3702 in
710 3642 759 3703 die
779 3643 1083 3704 commemorationis
1103 3643 1242 3703 omnium
1257 3663 1329 3702 san-

202 3747 340 3816 ctorum,
358 3747 389 3800 et
404 3740 499 3819 vulgo
514 3739 661 3801 dicuntur
672 3739 766 3802 Casse
781 3737 949 3800 de'mortr'?

242 3836 310 3896 XV.
333 3837 380 3895 An
403 3837 671 3898 administratores
693 3836 846 3909 ecclesia,
869 3855 988 3916 magnae
1008 3835 1184 3896 devotionis
1203 3845 1235 3897 et
1254 3857 1327 3897 con·

200 3953 326 4006 cursus,
348 3933 469 4014 possint
484 3933 697 4014 eleemosynas
716 3953 774 4014 pro
793 3933 894 3993 missis
914 3932 1108 3993 celebrandis
1127 3933 1283 4013 accipere,
1300 3933 1325 3992 si

200 4028 309 4089 iisdem
329 4029 431 4090 missis
452 4029 575 4090 nonnisi
599 4037 671 4111 post
690 4029 818 4110 longum
839 4037 961 4110 tempus
986 4028 1163 4089 satisfacere
1184 4029 1323 4102 valeant,

201 4145 239 4186 ne
259 4125 334 4186 alias
354 4126 458 4187 cultus
477 4125 631 4200 ecclesie,
653 4133 685 4187 et
703 4127 847 4200 devotio,
869 4145 904 4186 ae
923 4145 1093 4186 concursus
1114 4125 1269 4200 fidelium,
1290 4133 1326 4185 ut

197 4221 302 4295 aiunt,
319 4222 524 4283 minuantur?

239 4317 325 4400 XVI.
349 4317 427 4388 Quia
448 4317 620 4401 prohibitio
641 4319 717 4380 dicti
741 4319 857 4381 decreti
879 4319 1005 4380 videtur
1026 4317 1181 4400 aliquibus
1205 4318 1323 4384 directa
