3224 5044
553 471 597 521 DE
615 470 724 526 MlSSlS
743 471 909 524 FUNDdTlS
1246 471 1294 526 lll

171 615 404 707 generalibus,
436 614 633 682 facultatem
661 615 851 680 reducendi·
868 615 940 682 haec
970 640 1073 682 onera
1097 618 1296 698 missarum,

174 762 190 796 a
212 734 259 798 ita
273 739 388 798 tamen
407 735 582 796 uteorum
606 751 739 817 semper
764 729 1000 796 defunctorum
1021 734 1298 798 commemoratio

171 849 243 928 fiat,
258 846 317 934 qui
332 867 393 933 pro
408 866 548 909 suarum
561 843 751 908 animarum
765 844 872 910 salute
886 845 998 930 legata
1012 867 1051 910 ea
1066 845 1109 910 ad
1123 845 1196 933 pios
1215 869 1298 910 usus

172 961 395 1048 reliquerunt.
421 985 437 1018 »

217 1075 252 1138 2⁰
275 1073 466 1138 Reservatio
495 1075 649 1156 praesetae
684 1073 872 1158 potcstatis.
901 1111 946 1121 -
975 1071 1205 1160 Quaeoumque
1236 1073 1300 1139 fuit

174 1187 327 1255 extensio
365 1185 464 1274 hujus
511 1185 757 1268 concessionis,
797 1186 935 1252 omnino
976 1210 1157 1275 suppressa
1190 1192 1243 1252 est
1280 1211 1300 1252 a

174 1302 209 1370 S.
226 1301 353 1388 Congr.
367 1300 486 1379 Cone,
504 1299 538 1364 in
551 1300 701 1366 Decretis
713 1321 768 1366 an.
784 1301 881 1382 1625,
899 1301 1031 1366 decreto
1050 1300 1083 1384 1,
1099 1308 1133 1366 et
1148 1306 1300 1388 potestas

175 1414 358 1482 reducendi
377 1413 499 1478 missas
519 1415 560 1480 R.
582 1413 739 1480 Pontifici
757 1413 820 1479 luit
839 1421 1061 1482 reservatas«
1139 1414 1300 1480 Districte

175 1527 331 1619 prohibet
349 1535 451 1617 atque
471 1527 654 1606 interdicit,
671 1551 713 1594 ne
733 1529 892 1616 Episcopi
913 1530 947 1594 in
966 1531 1148 1595 dioecesana
1162 1529 1301 1616 Synodo

176 1653 236 1710 aut
265 1643 442 1709 Generelcs
473 1643 506 1707 in
535 1643 692 1728 capitulis
720 1643 936 1728 qeneralihus
966 1643 1018 1710 cel
1047 1644 1132 1710 elios
1161 1666 1299 1730 quoquo

178 1760 277 1824 modo
303 1758 465 1822 reducent
489 1778 591 1820 oriere
615 1757 684 1822 ulla
714 1759 896 1822 missarum
928 1758 1211 1823 celebrandarum
1243 1767 1303 1824 eut

173 1881 252 1960 post
273 1873 361 1936 idem
380 1871 560 1937 concilium
575 1870 846 1960 (Tridentinum)
864 1873 1019 1957 imposita
1026 1923 1035 1955 ,
1053 1879 1113 1936 aut
1133 1874 1167 1936 in
1189 1873 1304 1936 limine

177 1983 411 2074 fundationis;
430 1985 487 2052 scd
509 2007 569 2074 pro
589 1984 641 2048 his
661 1985 860 2052 omnibus..
879 1985 921 2050 ad
940 1986 1161 2074 apostolicam
1181 1984 1303 2050 Sedem

178 2108 380 2167 recurratur.
403 2127 418 2160 »

225 2217 259 2282 3ο
284 2215 339 2280 Vis
357 2223 389 2278 et
408 2215 556 2278 extensio
578 2215 684 2300 hujus
709 2215 953 2282 reservationis,
981 2251 1024 2264 —
1050 2218 1080 2278 l.
1106 2215 1305 2280 Reservatis

180 2337 233 2396 est
245 2329 309 2394 sub
325 2351 423 2414 poene
445 2322 629 2411 nuttitstis,
651 2327 685 2392 id
705 2327 768 2405 est,
787 2328 816 2392 si
835 2327 986 2394 reductio
1007 2329 1065 2394 liat
1084 2328 1183 2393 aliter
1202 2353 1303 2418 quam

181 2467 241 2532 per
260 2441 494 2530 Apostolieam
509 2441 643 2522 Sedem,
662 2441 757 2508 nulla
778 2443 914 2508 omnino
931 2443 1017 2528 crit,·
1037 2450 1172 2508 constat
1187 2444 1305 2510 eodem

181 2559 312 2623 decreto
332 2555 364 2640 1,
387 2556 421 2619 in
441 2556 532 2624 line:
560 2582 576 2616 a
600 2555 763 2644 Alioquin
782 2557 1053 2639 reductiones...,
1074 2557 1103 2622 si
1123 2581 1207 2645 quas
1227 2579 1306 2623 con-

182 2680 234 2737 tra
257 2670 359 2758 hujus
387 2669 624 2758 prohibitionis
656 2669 797 2736 lormam
830 2669 902 2734 sieri
935 2671 1131 2756 contigerit,
1168 2671 1306 2736 omnino

183 2785 295 2850 nullas
319 2791 420 2872 atque
446 2785 562 2848 inanes
587 2783 754 2864 decernit3
780 2811 795 2843 υ
823 2821 866 2832 -
885 2785 917 2849 2.
945 2784 1020 2848 Non
1045 2784 1157 2870 agitur
1181 2784 1246 2847 nisi
1266 2785 1308 2850 de

184 2897 343 2964 oneribus
363 2897 531 2986 impositis
555 2897 611 2963 vel
635 2897 849 2994 imponendis
873 2903 950 2985 post
974 2919 1065 2962 coac.
1093 2897 1203 2980 Trid,
1226 2917 1308 2985 quo-

185 3036 260 3078 rum
280 3011 431 3078 reductio
451 3011 554 3078 etiam
578 3011 612 3076 in
632 3011 749 3076 limine
773 3010 981 3076 fundationis
1000 3017 1208 3090 reservatur;
1231 3033 1310 3076 con·

185 3133 254 3193 stat
276 3125 392 3191 relatis
416 3124 529 3190 verbis
553 3126 677 3190 decreti
700 3123 719 3192 1
727 3143 741 3208 ,·
760 3124 849 3190 unde
870 3124 898 3190 si
918 3131 1038 3210 agatur
1052 3124 1094 3188 de
1114 3147 1215 3190 onere
1232 3125 1311 3190 mis·

187 3263 300 3306 sarum
328 3239 488 3326 imposito
508 3247 598 3310 ante
628 3241 731 3323 finem
761 3261 852 3304 conc.
895 3239 922 3302 T
923 3239 1003 3322 rid,
1030 3238 1126 3304 locus
1156 3261 1224 3304 non
1259 3247 1312 3304 cst

187 3354 265 3420 huic
284 3353 520 3434 reservationi3
544 3389 587 3400 -
603 3353 634 3418 3.
657 3351 751 3418 Licet
770 3353 921 3440 legatum
943 3354 1093 3418 nondum
1105 3355 1149 3419 sit
1162 3364 1312 3440 accepta-

189 3477 262 3534 tum
281 3467 324 3534 ab
343 3466 485 3532 ecclesie
505 3473 563 3532 aut
582 3465 738 3531 instituto
758 3466 930 3554 legatario,
956 3467 1175 3534 nihilominus
1198 3468 1313 3558 (quid-

190 3583 271 3672 quid
290 3581 449 3646 dixerunt
468 3580 583 3668 aliqui,
606 3587 883 3668 argumentantes
897 3605 939 3646 ex
954 3579 1066 3647 verbis
1086 3605 1187 3647 onere
1207 3584 1314 3669 impo-
1429 3591 1431 3596 '

189 3699 254 3762 site
267 3697 294 3784 ¹)
315 3717 383 3760 non
403 3700 516 3784 potest
536 3694 723 3784 Episcopus
743 3701 800 3760 aut
825 3695 1001 3760 Generalis
1028 3695 1111 3760 illud
1136 3696 1312 3778 reducere,

191 3811 283 3900 quod
295 3815 428 3875 constat
441 3831 483 3874 ex
497 3831 653 3895 responso
668 3807 694 3876 2
707 3809 749 3874 ad
764 3811 894 3874 decreta
910 3831 965 3874 an.
986 3809 1088 3888 1623;
1104 3831 1209 3897 quum
1225 3811 1315 3875 enim

192 3930 398 4013 quaereretur
417 3945 436 3987 a
456 3921 490 3987 S.
514 3923 639 4009 Congr.
665 3941 672 3988 :
697 3949 712 3983 «
735 3921 840 4002 Quid,
863 3922 892 3986 si
918 3922 1069 4008 legatum
1089 3923 1133 3987 sit
1153 3924 1316 3989 itatenus

195 4047 232 4104 ut
253 4039 377 4102 nonsit
396 4037 457 4123 qui
473 4037 551 4102 velit
570 4058 655 4101 onus
675 4037 726 4102 illi
746 4037 941 4123 injunctum
960 4037 1075 4102 subire
1086 4039 1143 4105 Σ)...
1164 4038 1206 4104 Et
1221 4039 1316 4125 quid,

227 4287 237 4324 ¹
255 4289 336 4352 Apud
351 4287 527 4336 Benedictum
540 4286 613 4344 x1t',
626 4287 664 4338 De
677 4287 795 4352 synodo,
812 4287 858 4336 lib.
877 4287 908 4344 V,
924 4303 947 4337 c.
964 4304 993 4348 x,
1007 4303 1032 4336 n.
1049 4295 1072 4336 2.
