3246 5026
663 467 865 520 nocentiam
1276 467 1328 522 379

198 607 328 689 reliquis
343 627 417 666 vero
434 606 647 667 sacerdotibus
667 629 746 690 opus
760 631 843 683 esse,
861 617 897 670 ut
912 611 970 670 hac
984 610 1023 670 de
1045 631 1077 670 re
1092 610 1274 671 facultatem
1289 609 1328 670 ab

199 704 355 785 Episcopo
382 711 625 785 consequantur,
646 705 768 766 etiamsi
793 727 885 766 causa
913 707 1107 767 necessitatis
1136 706 1328 767 intercedere

197 800 361 874 videatur;
385 800 475 881 cujus
498 821 571 881 sane
590 800 744 882 judicium
768 801 807 862 ad
826 803 912 884 ipsos
932 802 1110 865 sacerdotes
1131 823 1327 885 nequaquam

198 898 344 978 pertinet.
372 897 418 958 lta
444 904 578 957 testatur
601 897 791 972 Vericellus,
818 897 864 958 De
887 887 1072 980 apostolicis
1101 898 1325 976 missionibus,

199 995 246 1054 tit.
261 1015 302 1068 1v,
318 993 365 1054 De
373 991 558 1076 privileqiis
574 994 784 1077 repularium,
800 1003 912 1076 quaest.
927 1017 993 1071 ιιι,
1011 1017 1098 1056 num.
1111 999 1187 1057 202:
1202 996 1328 1070 Quares

194 1090 320 1172 primo,
337 1111 378 1151 an
394 1089 436 1150 ad
454 1089 662 1152 celebrandas
678 1091 757 1152 duas
773 1091 886 1153 misses
907 1091 940 1152 in
957 1092 1048 1170 locis,
1067 1091 1124 1152 ubi
1144 1092 1233 1153 adest
1255 1091 1328 1152 talis

197 1185 382 1264 necessitas,
405 1185 589 1268 requiratur
606 1185 735 1264 licentia
750 1187 930 1269 Episcopi?
943 1187 1163 1270 Respondetur
1181 1188 1328 1270 affirma·

197 1282 268 1359 tine,
286 1281 416 1343 seclusis
427 1281 611 1364 privilepiis
628 1281 913 1344 missionariornm.
929 1282 978 1344 Ita
993 1305 1012 1344 a
1024 1281 1057 1344 S.
1075 1283 1328 1366 Conprepatione

195 1377 381 1439 resolutum.
399 1377 527 1438 Certum
550 1399 676 1460 quoque
689 1387 736 1438 est
751 1379 915 1440 facultates
934 1379 1105 1461 ejusmodi,
1122 1379 1180 1438 nisi
1196 1380 1327 1440 necessi-

198 1483 244 1534 tas
259 1474 290 1534 id
307 1475 460 1555 postulet,
479 1495 639 1556 uunquam
652 1475 801 1549 concedi;
816 1476 866 1536 vel
881 1475 906 1535 si
920 1475 1088 1558 aliquando
1102 1475 1325 1549 concedantur,

197 1593 259 1632 non
275 1571 381 1632 haberi
403 1579 552 1652 tanquam
568 1571 701 1654 alicujus
717 1572 887 1632 sacerdotis
902 1573 1117 1654 privilegium,
1135 1573 1188 1633 sed
1204 1579 1325 1634 tantum

195 1667 237 1727 ob
252 1687 377 1728 causam
392 1667 582 1748 peculiarem
603 1669 808 1728 necessitatis
826 1667 991 1748 Fagnanus
1011 1669 1041 1728 id
1063 1669 1189 1742 fatetur,
1208 1689 1274 1749 cap.
1289 1667 1325 1728 In

195 1762 391 1841 ordinanda,
414 1785 445 1824 n.
463 1764 513 1836 37,
530 1763 577 1824 Dc
592 1763 751 1824 simonia:
771 1763 910 1824 bfiratnr
930 1763 964 1825 S.
982 1763 1194 1847 Conpreqatio
1214 1763 1269 1846 aqi
1288 1753 1327 1823 de

196 1859 247 1920 bis
264 1859 403 1920 licentiis
418 1858 627 1921 concedendis
633 1879 646 1940 ,·
662 1881 733 1920 raam
751 1859 786 1921 id
805 1859 933 1921 nonnisi
952 1881 991 1921 ee
1006 1882 1123 1944 mapna
1143 1859 1327 1921 necessitate

195 1955 269 2038 fieri
283 1954 390 2033 debet,
408 1963 438 2016 el
457 1977 575 2039 maqna
594 1957 733 2034 cautela,
753 1963 786 2016 ut
800 1963 881 2037 puta
903 1956 935 2016 in
956 1956 1048 2034 locis,
1068 1956 1124 2016 nbi
1138 1955 1326 2037 perpaucis-

195 2052 271 2114 simi
294 2059 368 2114 sunt
391 2051 583 2130 sacerdotes,
608 2053 656 2113 vel
680 2052 797 2114 adsunt
822 2052 1047 2134 impedimenta
1071 2051 1325 2114 adversariorum

194 2148 287 2230 fidei,
304 2149 352 2208 vel
367 2147 448 2230 qnid
466 2147 586 2226 simile,
611 2157 669 2209 etc.
687 2149 760 2210 Non
776 2148 906 2210 concedi
919 2156 1023 2231 polest
1046 2149 1111 2210 baec
1134 2148 1263 2210 licentia
1284 2149 1326 2210 ab

196 2245 353 2327 Episcopo
368 2245 573 2328 qeneraliter,
587 2245 681 2328 quasi
691 2246 899 2329 priuileqium
915 2247 1055 2329 alicujus
1069 2245 1253 2324 sacerdotis,
1271 2244 1327 2307 sed

196 2349 317 2403 tanturn
333 2341 365 2400 in
379 2341 488 2424 aliquo
501 2363 574 2403 casu
584 2343 789 2423 particulari,
801 2343 995 2404 necessitatis
1010 2365 1105 2404 causa
1117 2343 1159 2404 ab
1167 2343 1325 2424 Episcopo

195 2425 420 2499 examinanda.
450 2438 560 2521 ltaque
585 2460 656 2499 cum
683 2439 836 2519 ejusmodi
866 2461 989 2499 causam
1019 2440 1212 2500 necessitatis
1241 2439 1324 2498 haud

195 2533 450 2614 deprehenderis,
464 2555 634 2616 numquam
648 2534 802 2615 parochos
818 2543 889 2594 tuos
903 2535 1114 2615 probabimus,
1127 2536 1152 2594 si
1167 2535 1225 2616 ipsi
1240 2535 1279 2594 de
1295 2543 1325 2594 te

194 2638 445 2712 conquerantur3
463 2651 520 2690 nos
534 2630 732 2711 prudentiam
747 2629 951 2690 fraternitatis
966 2637 1027 2689 tuae
1040 2651 1228 2710 magnopere
1242 2651 1325 2690 com-

196 2726 393 2800 mendamus,
413 2733 506 2807 teque
526 2727 724 2806 agnoscimus
745 2727 899 2798 animum,
921 2732 1120 2806 mentemque
1144 2733 1229 2784 tuam
1250 2746 1325 2785 con-

195 2823 346 2882 formasse
361 2823 503 2902 exemplo
520 2822 659 2902 praedicti
676 2823 774 2882 sancti
792 2821 894 2882 Caroli
911 2821 1094 2894 Borromaei,
1112 2821 1165 2902 qui
1180 2821 1212 2879 in
1226 2821 1324 2901 prima

195 2918 316 2999 synodo
331 2917 529 2999 provinciali,
547 2938 574 2978 c.
589 2939 619 2992 v,
634 2918 795 2998 abrogavit
812 2917 958 2978 licentias
973 2939 991 2977 a
1006 2915 1073 2977 suis
1083 2914 1324 2998 praedecessori-

196 3013 256 3074 bus
270 3033 431 3074 concessas
443 3014 554 3095 plures
570 3013 683 3075 missas
698 3013 893 3076 celebrandi.

236 3109 368 3171 Parochi
390 3118 564 3191 postremo,
587 3119 622 3170 ut
644 3131 768 3171 causam
791 3132 878 3171 suam
903 3119 1059 3186 tueantur,
1082 3109 1322 3169 vetustissimam

194 3205 356 3266 adducunt
370 3207 639 3266 consuetudinem.
658 3207 722 3266 Nos
738 3215 843 3266 utrum
859 3207 995 3280 ratione,
1012 3227 1051 3266 an
1068 3214 1182 3265 temere
1198 3204 1228 3264 id
1244 3225 1324 3264 asse·

196 3310 281 3376 rant,
304 3303 480 3362 examinare
502 3303 780 3382 praetermittimus
806 3303 912 3364 Solum
935 3303 1135 3384 inquirimuS,
1159 3310 1264 3362 utrum
1286 3321 1321 3361 ea

195 3397 392 3458 consuetudo
423 3399 574 3460 rationem
603 3399 864 3480 praescriptionis,
894 3409 948 3459 aut
981 3399 1234 3481 praesumptionis
1263 3397 1320 3456 sibi

194 3495 441 3575 comparaverit;
459 3503 490 3555 et
505 3503 673 3577 utrumque
693 3495 822 3569 falsum,
840 3503 872 3554 et
891 3495 1026 3555 alienum
1044 3494 1232 3575 judicamus.
1255 3493 1325 3552 Non

197 3591 305 3670 utique
320 3591 373 3672 jus
392 3590 550 3665 divinum,
571 3591 626 3650 sed
643 3591 695 3672 jus
715 3591 959 3650 ecclesiasticum
980 3589 1124 3670 prohibet
1146 3589 1254 3649 eadem
1274 3588 1325 3648 die

194 3685 358 3747 abeodem
374 3687 536 3748 sacerdote
552 3687 736 3747 sacrificium
752 3686 868 3748 iterari.
885 3688 927 3746 At
943 3706 1006 3746 non
1024 3686 1144 3760 omnia,
1163 3706 1232 3767 quac
1245 3685 1324 3767 juris

196 3789 319 3843 tantum
348 3783 549 3844 ecclesiastici
574 3791 662 3858 sunt,
689 3782 847 3864 praescribi
872 3790 1014 3863 possunt.
1041 3782 1072 3840 Si
1097 3783 1211 3842 etenim
1233 3781 1325 3863 juxta

194 3881 303 3940 civiles
318 3881 417 3960 legeS,
435 3888 551 3942 secreta
572 3901 620 3940 res
640 3880 799 3962 praescribi
819 3901 881 3940 non
902 3889 1047 3961 possunt,
1065 3879 1217 3940 absonum
1234 3879 1325 3939 undi-

196 3998 257 4058 que
277 3984 324 4036 cst
344 3998 497 4052 asserere,
523 3977 616 4037 luisse
636 3997 692 4058 per
713 3977 979 4057 praescriptionem
1001 3975 1119 4057 aliquid
1141 3975 1323 4050 obtentum,

195 4071 245 4132 vel
274 4073 479 4154 acquisitum,
510 4073 596 4155 qnod
628 4073 812 4133 adversetur
847 4073 1060 4133 sanctionibus
1096 4072 1323 4132 universalibus

192 4169 358 4242 Ecclesiae,
376 4190 507 4250 quarum
524 4170 755 4229 observantiam
775 4189 896 4229 sacrum
916 4168 1132 4228 Tridentinum
1156 4167 1323 4228 concilium

196 4266 226 4324 in
242 4265 405 4326 missarum
421 4265 629 4326 celebratione
645 4265 860 4326 sacerdotibus
875 4265 1021 4325 omnibus
1036 4265 1193 4346 praecipit,
1211 4272 1245 4324 ut
1260 4265 1323 4325 col-
