3224 5044
330 493 381 548 130
813 493 857 544 DE
876 491 975 544 mssa

324 641 421 708 sterii
440 663 507 705 non
527 645 641 728 potest
660 639 702 702 ad
717 637 853 702 libitum
872 636 1031 703 fundatas
1051 637 1174 702 missas
1192 635 1273 702 alibi
1292 637 1463 702 celebrari

323 775 458 834 curare;
482 777 523 818 ex
542 753 606 817 lroc
630 751 720 818 enim
740 752 814 838 ipso
835 751 926 839 quod
945 751 1022 838 pius
1042 750 1200 817 fundator
1227 752 1332 838 eligat
1350 750 1461 816 talem

323 869 503 934 ecclesiam
530 874 588 933 aut
614 867 682 932 tale
710 865 922 947 institutum,
953 864 1027 952 ejus
1057 872 1263 953 praesumpta
1293 865 1461 930 voluntas

322 989 394 1064 est,
415 989 454 1046 ut
473 981 519 1046 ibi
543 980 757 1047 celebrentur
776 979 906 1060 missre;
930 986 966 1045 et
994 979 1073 1044 inde
1098 986 1149 1044 est
1173 978 1281 1067 quod,
1307 979 1343 1042 in
1376 978 1460 1044 dote

322 1095 533 1162 fundationis
551 1091 806 1174 constituenda,
829 1092 1047 1179 assignentur
1071 1092 1200 1158 fructus
1224 1115 1293 1156 non
1318 1099 1459 1157 tantum

322 1235 384 1300 pro
400 1211 616 1296 eleemosyna
635 1207 851 1288 celebrantia,
869 1205 1046 1272 sedetiam
1065 1229 1127 1295 pro
1147 1207 1305 1292 impensis
1325 1207 1360 1272 in
1372 1206 1459 1272 cefe-

322 1325 477 1391 bratione
503 1323 684 1389 necessario
709 1321 894 1407 faciendia,·
916 1319 1007 1385 unde
1038 1320 1157 1401 etiam,
1183 1343 1226 1384 ex
1252 1321 1386 1386 decreto
1412 1319 1454 1406 6,

320 1461 378 1504 an.
411 1425 508 1518 1615,
535 1435 709 1524 Superior,
738 1440 921 1522 antequam
947 1433 1120 1516 licentiam
1146 1434 1327 1516 concedat,
1349 1433 1455 1499 alicui

318 1551 472 1616 ecclesiae
499 1550 554 1614 vel
579 1547 800 1628 monasterie,
827 1547 1024 1636 acceptandi
1048 1546 1298 1628 fundationem,
1328 1547 1457 1613 certior

316 1687 394 1730 esse
414 1663 515 1729 debet
535 1691 550 1724 a
575 1663 666 1727 itlius
682 1661 822 1750 (nempe
841 1661 989 1727 instituti
1003 1661 1059 1726 vel
1078 1660 1246 1750 ecelesia)
1262 1663 1456 1727 sacerdotes

319 1786 390 1845 tam
414 1801 503 1843 novo
523 1777 657 1842 oneri...
680 1799 782 1864 quam
812 1775 961 1864 antiquis
981 1775 1174 1842 satisfacere
1198 1799 1297 1864 posse
1321 1803 1351 1840 ».

364 2000 431 2070 66.
460 2039 503 2048 -
535 1997 734 2086 Obligatio
764 1997 897 2086 quoad
925 1996 1113 2066 tabellam
1143 1997 1451 2082 fundationum,

317 2114 446 2183 libros
465 2115 683 2194 rationum,
704 2112 959 2200 rationesque
978 2111 1216 2180 reddendas.

362 2231 395 2290 l⁰
413 2227 462 2291 De
484 2225 607 2291 tabella
627 2227 884 2310 snradationum.
907 2225 1016 2292 -Ut
1040 2225 1257 2292 fundationes
1281 2226 1451 2292 oblivioni

313 2364 383 2406 non
394 2340 463 2404 siut
476 2338 643 2421 obnoxiae,
655 2347 814 2405 tenentur
826 2347 973 2406 rectores
987 2339 1205 2409 ecclesiarum
1215 2340 1449 2428 singularum-

311 2477 381 2542 que
406 2454 586 2518 domorum
613 2453 795 2542 cujuslibet
819 2454 967 2521 instituti
991 2455 1155 2520 conficere
1180 2453 1342 2520 tabellam
1367 2455 1450 2521 fun·

310 2568 502 2649 dationum,
526 2567 574 2632 sic
582 2566 724 2656 jubente
739 2570 871 2633 decreto
887 2568 914 2636 2
931 2569 965 2634 S.
985 2567 1110 2655 Congr.
1131 2569 1251 2650 Cone,
1266 2592 1321 2634 an.
1342 2569 1445 2652 1697,

312 2683 383 2748 vim
406 2683 493 2771 legis
519 2682 666 2749 habente
690 2706 732 2748 ex
756 2683 856 2748 dictis
882 2706 983 2772 supra
1008 2683 1061 2769 (n.
1082 2683 1155 2772 48)
1175 2703 1182 2750 :
1211 2711 1227 2744 «
1249 2683 1448 2750 Teneantur

313 2798 416 2864 iidem
435 2797 600 2864 conficere
621 2819 822 2886 semperque
842 2797 877 2862 in
897 2797 971 2862 loco
992 2797 1102 2884 magis
1125 2799 1259 2886 patenti
1281 2805 1315 2863 et
1340 2797 1444 2864 obvio

309 2913 457 2978 retinere
487 2912 648 2977 tabellam
674 2933 816 2976 onerum
840 2919 1088 2997 perpetuorum
1116 2920 1149 2976 et
1180 2913 1441 2998 temporalium,

312 3027 434 3092 fitteris
448 3027 640 3114 perspicuis¹
654 3035 686 3090 et
706 3025 979 3111 intettiqibitibus
998 3025 1278 3110 descriptorum«.
1306 3027 1443 3107 »Quod

307 3141 339 3204 si
357 3140 499 3206 ecclesia
515 3139 569 3204 vel
589 3139 711 3204 domus
730 3139 838 3228 impar
858 3140 902 3204 sit
917 3139 1014 3204 novis
1033 3139 1250 3228 acceptandis
1265 3141 1440 3225 oneribus,

310 3252 345 3315 id
364 3254 467 3318 etiam
486 3253 695 3340 exprimatur
715 3253 750 3318 in
770 3253 911 3336 tabella,
933 3261 972 3318 ut
991 3253 1072 3318 iliid.
1095 3255 1300 3343 praecipitur.

356 3365 390 3428 2⁰
405 3365 453 3428 De
468 3365 566 3430 tihria
582 3368 766 3432 rationum.
784 3367 884 3433 —Ut
898 3365 1029 3432 facilius
1044 3367 1235 3456 certiusque
1250 3375 1386 3436 constet
1399 3370 1442 3435 de

307 3477 575 3566 adimplemento
599 3479 836 3546 fundationum
861 3481 1071 3568 aliarumque
1095 3481 1293 3563 missarum,
1320 3491 1441 3549 tenen·

311 3601 366 3658 tur
394 3599 542 3659 rectores
577 3593 774 3660 eorumdem
807 3595 959 3660 locorum
990 3596 1074 3660 duoa
1105 3594 1229 3662 habere
1264 3597 1371 3663 libros
1406 3600 1441 3663 in

308 3706 480 3773 Sacrario.
509 3707 547 3772 ln
566 3707 686 3796 priori,
707 3708 779 3773 haec
799 3715 989 3774 notentur:
1014 3707 1043 3774 l.
1073 3709 1213 3796 Singula
1238 3733 1340 3777 onera
1356 3735 1441 3798 per-

257 3855 259 3862 ·
306 3830 411 3907 petua
431 3829 463 3886 et
484 3821 682 3907 temporalia
692 3841 707 3906 ,·
726 3822 758 3888 2.
781 3822 994 3909 singulorum
1013 3824 1221 3910 eleemosyna
1231 3843 1246 3908 ,·
1266 3825 1298 3892 3.
1322 3825 1440 3914 singu·

311 3935 421 4001 lorum
461 3936 787 4022 adimplementum;
818 3937 849 4001 1.
887 3937 973 4001 ratio
1009 3937 1141 4002 reddita
1179 3939 1438 4028 adimplementi

309 4048 425 4135 (juxta
441 4051 558 4117 statim
577 4050 752 4138 dicenda);
768 4089 812 4100 -
828 4050 863 4115 in
877 4050 1057 4138 posteriori
1071 4051 1170 4134 libr0,
1187 4053 1277 4118 idem
1297 4055 1437 4120 omnino

343 4227 459 4277 ¹C0nst.
480 4229 581 4292 Nuper,
602 4229 615 4293 5
637 4234 678 4290 183
699 4229 771 4280 Bult.
788 4229 872 4289 Rom,
892 4231 911 4279 t.
935 4245 973 4288 rx,
992 4245 1019 4293 p.
1041 4235 1086 4278 169
1103 4229 1161 4294 (vel
1181 4232 1214 4280 ad
1234 4233 1334 4282 calcem
1356 4235 1437 4298 hujus

309 4305 468 4367 voluminis,
487 4308 677 4358 documentum
694 4310 706 4358 1
712 4311 728 4357 ¹.
