3224 5044
411 523 453 572 DE
472 521 644 573 missenum
663 523 893 574 Eussuuoslrus
912 523 1123 574 anscausus
1276 522 1325 574 lli

246 664 313 733 59.
333 705 377 712 -
396 665 597 741 Quaeritur
617 665 655 732 1⁰
674 665 769 730 Num
787 666 941 733 sacerdos
961 667 1012 731 bis
1031 666 1204 732 celebrans
1218 668 1325 754 possit

197 779 369 865 percipere
392 779 546 865 aliquem
577 780 882 844 remunerationem
917 781 1042 846 intuitu
1069 781 1195 846 laboris
1220 788 1252 846 et
1276 781 1325 846 in-

201 893 368 957 commodi
386 893 594 958 extrinseci?

244 1007 348 1094 Resp.
370 1006 604 1093 Affirmative.
626 1008 712 1073 Nam
738 997 811 1073 fieri
836 1013 949 1095 potest
975 1014 1013 1073 ut
1038 1007 1118 1072 bina
1142 1007 1324 1074 celebratio

201 1118 341 1208 (praeter
377 1120 529 1186 laborem
566 1122 788 1187 intrinsecum
830 1120 1084 1204 celebrationis,
1121 1122 1180 1210 qui
1216 1122 1324 1210 pretio

200 1235 361 1300 aestimari
380 1235 513 1324 nequit,
536 1235 616 1324 quia
634 1259 712 1300 curn
739 1235 812 1323 ipsa
832 1236 935 1300 missa
954 1235 1191 1325 confunditur)
1207 1236 1325 1300 alterat

202 1371 362 1436 magnum
381 1347 533 1414 laborem
552 1355 587 1414 et
604 1350 698 1414 veria
717 1349 931 1414 incommoda
950 1349 1092 1431 itineris,
1105 1349 1240 1438 jejunii,
1258 1355 1322 1416 etc.

201 1462 266 1526 Pro
296 1462 349 1527 his
381 1486 481 1551 porro
514 1462 672 1528 omnibus
702 1463 788 1528 nihil
817 1469 986 1552 repugnat
1017 1463 1144 1552 percipi
1177 1463 1325 1552 aliquam

198 1577 522 1658 remunerationem
537 1577 600 1642 hoc
620 1577 711 1642 enim
730 1601 798 1642 non
819 1584 871 1642 est
888 1578 1060 1666 percipere
1073 1578 1325 1664 eleemosynam

199 1714 260 1778 pro
294 1691 443 1756 secunda
481 1691 600 1774 missa,
643 1691 740 1780 cujus
776 1692 958 1780 applicatio
995 1697 1148 1758 remanet
1187 1689 1325 1756 omnino

200 1804 339 1872 libera¹.
367 1807 411 1871 Et
433 1807 498 1871 hoc
522 1807 650 1896 passim
674 1807 921 1872 consuetudine
945 1815 1119 1895 receptum
1144 1813 1196 1872 est
1219 1806 1326 1894 pluri-

200 1918 263 1984 bus
283 1919 318 1984 in
344 1919 444 2002 locis,
471 1919 530 1984 ubi
550 1920 736 1986 constituta
762 1929 843 1986 sunt
867 1921 1082 1987 fundationes
1106 1927 1166 1985 aut
1185 1920 1322 2001 salaria,

199 2055 267 2098 non
293 2039 426 2098 tantum
456 2035 499 2100 ad
531 2035 713 2100 solvendas
740 2034 929 2123 impensae,
958 2059 991 2100 v.
1021 2057 1069 2121 g.,
1096 2033 1242 2116 itineris,
1265 2055 1325 2120 pro

199 2147 346 2213 secunda
366 2148 482 2228 missa,
506 2149 687 2214 sedetiam
707 2150 750 2214 ad
763 2148 979 2237 praebendam
999 2149 1149 2238 aliquam
1168 2169 1326 2213 remune-

199 2261 365 2326 rationem
386 2262 586 2344 celebranti,
609 2263 735 2328 intuitu
754 2262 960 2328 incommodi
985 2270 1019 2328 et
1045 2261 1172 2328 laboris
1196 2262 1325 2327 extrin-

198 2374 277 2440 seci.
301 2373 414 2454 Quum
435 2397 514 2462 ergo
534 2375 672 2464 praefata
697 2375 879 2463 prohibitio
899 2376 1044 2465 duplicis
1069 2375 1231 2465 stipendii
1255 2375 1324 2439 vim

198 2487 480 2576 suamjuridieam
493 2489 625 2555 hauriat
640 2513 682 2554 ex
695 2490 950 2573 consuetudine,
969 2514 1037 2556 non
1049 2497 1101 2556 est
1112 2489 1325 2556 extendenda

198 2603 286 2667 ultra
311 2603 477 2668 ambitum
507 2603 613 2692 ipsius
644 2605 912 2670 consuetudinis.
945 2605 1043 2670 Unde
1077 2605 1111 2668 in
1140 2605 1204 2668 hoc
1223 2625 1325 2668 sensu

197 2715 373 2804 respondit
392 2717 427 2782 S.
451 2717 576 2805 Congr.
600 2717 759 2800 Concilii,
782 2719 816 2782 in
843 2718 1028 2801 Treuiren.,
1055 2717 1097 2784 23
1118 2717 1197 2781 maii
1219 2716 1321 2797 1861,

193 2851 258 2915 per
275 2831 462 2895 summaria
478 2853 572 2916 pree.
586 2854 598 2897 .·
623 2831 762 2897 «Posse
783 2832 957 2917 permitti,
986 2831 1152 2917 prudenti
1179 2830 1324 2894 arbitrio

196 2943 367 3030 Episcopi,
391 2947 697 3010 remunerationem
724 2945 850 3010 intuitu
881 2945 1006 3010 laboris
1037 2952 1068 3008 et
1102 2945 1330 3028 incommodi,

196 3057 330 3123 exclusa
350 3059 502 3144 qualibet
525 3061 734 3146 eleemosyna
750 3082 816 3145 pro
835 3059 1057 3145 applicatione
1078 3059 1215 3123 missae'.
1240 3085 1255 3116 »

241 3294 308 3363 60.
321 3335 366 3344 -
381 3296 581 3372 QuoerItur
601 3299 639 3366 2⁰
659 3297 753 3362 Num
768 3299 921 3362 sacerdos
939 3297 992 3362 bis
1011 3297 1183 3362 celebrans
1198 3297 1319 3383 possit,

192 3431 256 3494 per
284 3411 466 3474 secundam
496 3411 648 3494 mnsam,
674 3411 868 3497 satisfacere
887 3411 990 3476 alicui
1013 3435 1097 3476 verae
1121 3411 1321 3498 obliqationi

195 3523 389 3610 applicandi
410 3525 571 3590 missam?
588 3565 633 3573 -
651 3525 754 3613 Ilesp.
774 3545 781 3592 :

241 3639 273 3700 1⁰
294 3637 369 3702 Non
389 3645 518 3726 potest,
544 3661 604 3726 per
628 3638 811 3704 secundam
836 3639 990 3721 missam,
1017 3638 1210 3703 satisfacere
1234 3637 1319 3701 obli-

194 3751 324 3836 gationi
355 3757 535 3816 contractae
560 3775 602 3816 ex
627 3753 726 3838 quasi
754 3753 933 3837 stipendio.
961 3753 1054 3816 Voco
1073 3751 1172 3836 quasi
1193 3751 1319 3835 stipen-

194 3863 289 3927 dium
304 3863 397 3928 illam
413 3863 721 3929 remunerationem
736 3887 838 3952 quam
854 3865 1001 3952 parochi,
1019 3862 1220 3946 beneficiati,
1236 3868 1315 3937 ete,

193 3977 361 4065 recipiunt
379 4001 440 4065 pro
464 3977 690 4066 adimplendis
715 3977 873 4044 omnibus
892 3977 1051 4043 oneribus
1074 3977 1241 4064 parochiae
1261 3983 1318 4041 aut

224 4171 232 4206 ¹
250 4173 307 4221 Nisi
322 4177 424 4236 agatur,
440 4177 471 4222 ut
486 4175 578 4222 statim
594 4175 697 4223 dictum
712 4177 767 4234 est,
782 4175 814 4222 de
827 4175 945 4237 parocho
957 4174 1025 4223 dues
1039 4176 1149 4236 regente
1164 4173 1315 4238 parochias,

192 4253 238 4315 qui
250 4254 344 4302 ambas
359 4255 455 4302 missas
469 4254 606 4317 applicare
621 4257 730 4304 tenetur
738 4269 793 4318 pro
804 4255 913 4318 populo.

223 4332 314 4382 ¹Acta
328 4333 354 4381 S.
369 4331 458 4392 Sedis,
475 4337 495 4382 t.
511 4349 533 4394 r,
549 4350 575 4398 p.
591 4339 682 4384 13-15.
