<?xml version="1.0" encoding="UTF-8"?>
<!DOCTYPE html PUBLIC "-//W3C//DTD XHTML 1.0 Transitional//EN"
    "http://www.w3.org/TR/xhtml1/DTD/xhtml1-transitional.dtd">
<html xmlns="http://www.w3.org/1999/xhtml" xml:lang="en" lang="en">
 <head>
  <title>
</title>
<meta http-equiv="Content-Type" content="text/html;charset=utf-8" />
  <meta name='ocr-system' content='tesseract 3.04.00' />
  <meta name='ocr-capabilities' content='ocr_page ocr_carea ocr_par ocr_line ocrx_word'/>
</head>
<body>
  <div class='ocr_page' id='page_1' title='image "./praelectionesde01manygoog_0268.png"; bbox 0 0 3180 5024; ppageno 0'>
   <div class='ocr_carea' id='block_1_1' title="bbox 502 471 1290 527">
    <p class='ocr_par' dir='ltr' id='par_1_1' title="bbox 502 471 1290 527">
     <span class='ocr_line' id='line_1_1' title="bbox 502 471 1290 527; baseline -0.005 -1"><span class='ocrx_word' id='word_1_1' title='bbox 502 477 546 526; x_wconf 88' lang='lat' dir='ltr'><strong>DE</strong></span> <span class='ocrx_word' id='word_1_2' title='bbox 565 475 680 527; x_wconf 71' lang='lat' dir='ltr'><strong>saenis</strong></span> <span class='ocrx_word' id='word_1_3' title='bbox 702 475 916 526; x_wconf 82' lang='lat' dir='ltr'><strong>UTENSlLlBUS</strong></span> <span class='ocrx_word' id='word_1_4' title='bbox 1238 471 1290 523; x_wconf 78' lang='lat'><strong>249</strong></span> 
     </span>
    </p>
   </div>
   <div class='ocr_carea' id='block_1_2' title="bbox 161 598 1291 1165">
    <p class='ocr_par' dir='ltr' id='par_1_2' title="bbox 161 598 1291 1165">
     <span class='ocr_line' id='line_1_2' title="bbox 208 598 1291 710; baseline -0.006 -22"><span class='ocrx_word' id='word_1_5' title='bbox 208 624 244 688; x_wconf 68' lang='lat'><strong>40</strong></span> <span class='ocrx_word' id='word_1_6' title='bbox 269 623 306 690; x_wconf 93' lang='lat' dir='ltr'><strong>Si</strong></span> <span class='ocrx_word' id='word_1_7' title='bbox 335 621 526 710; x_wconf 89' lang='lat' dir='ltr'><strong>presbyteri</strong></span> <span class='ocrx_word' id='word_1_8' title='bbox 552 598 759 686; x_wconf 82' lang='lat' dir='ltr'><strong>schismatici</strong></span> <span class='ocrx_word' id='word_1_9' title='bbox 782 621 837 686; x_wconf 89' lang='lat' dir='ltr'><strong>vel</strong></span> <span class='ocrx_word' id='word_1_10' title='bbox 863 619 1012 684; x_wconf 87' lang='lat' dir='ltr'><strong>haeretici</strong></span> <span class='ocrx_word' id='word_1_11' title='bbox 1036 625 1176 684; x_wconf 88' lang='lat' dir='ltr'><strong>utantur</strong></span> <span class='ocrx_word' id='word_1_12' title='bbox 1194 640 1291 706; x_wconf 91' lang='lat' dir='ltr'><strong>para-</strong></span> 
     </span>
     <span class='ocr_line' id='line_1_3' title="bbox 162 731 1291 816; baseline -0.005 -14"><span class='ocrx_word' id='word_1_13' title='bbox 162 737 305 816; x_wconf 81' lang='lat' dir='ltr'>mentis,</span> <span class='ocrx_word' id='word_1_14' title='bbox 327 737 399 800; x_wconf 82' lang='lat' dir='ltr'><strong>haec</strong></span> <span class='ocrx_word' id='word_1_15' title='bbox 423 757 492 799; x_wconf 94' lang='lat' dir='ltr'><strong>non</strong></span> <span class='ocrx_word' id='word_1_16' title='bbox 516 735 679 800; x_wconf 87' lang='lat' dir='ltr'><strong>amittunt</strong></span> <span class='ocrx_word' id='word_1_17' title='bbox 702 733 988 814; x_wconf 78' lang='lat' dir='ltr'><strong>benedictionem,</strong></span> <span class='ocrx_word' id='word_1_18' title='bbox 1008 739 1047 798; x_wconf 88' lang='lat' dir='ltr'><strong>ut</strong></span> <span class='ocrx_word' id='word_1_19' title='bbox 1070 733 1169 798; x_wconf 89' lang='lat' dir='ltr'><strong>dese</strong></span> <span class='ocrx_word' id='word_1_20' title='bbox 1193 731 1291 797; x_wconf 89' lang='lat' dir='ltr'><strong>intel·</strong></span> 
     </span>
     <span class='ocr_line' id='line_1_4' title="bbox 161 845 1291 939; baseline -0.004 -24"><span class='ocrx_word' id='word_1_21' title='bbox 161 851 292 939; x_wconf 88' lang='lat' dir='ltr'><strong>ligitur,</strong></span> <span class='ocrx_word' id='word_1_22' title='bbox 318 857 353 915; x_wconf 92' lang='lat' dir='ltr'><strong>et</strong></span> <span class='ocrx_word' id='word_1_23' title='bbox 376 857 415 915; x_wconf 92' lang='lat' dir='ltr'><strong>ut</strong></span> <span class='ocrx_word' id='word_1_24' title='bbox 438 871 599 936; x_wconf 86' lang='lat' dir='ltr'><strong>expresse</strong></span> <span class='ocrx_word' id='word_1_25' title='bbox 627 855 764 914; x_wconf 88' lang='lat' dir='ltr'><strong>cautum</strong></span> <span class='ocrx_word' id='word_1_26' title='bbox 787 854 840 913; x_wconf 85' lang='lat' dir='ltr'><strong>est</strong></span> <span class='ocrx_word' id='word_1_27' title='bbox 864 848 898 912; x_wconf 93' lang='lat' dir='ltr'><strong>in</strong></span> <span class='ocrx_word' id='word_1_28' title='bbox 923 871 952 912; x_wconf 85' lang='lat' dir='ltr'><strong>c.</strong></span> <span class='ocrx_word' id='word_1_29' title='bbox 978 847 1009 910; x_wconf 84' lang='lat' dir='ltr'><em>A</em></span> <span class='ocrx_word' id='word_1_30' title='bbox 1038 847 1149 930; x_wconf 69' lang='lat' dir='ltr'><strong>noba,</strong></span> <span class='ocrx_word' id='word_1_31' title='bbox 1175 845 1212 928; x_wconf 86' lang='lat'><strong>2,</strong></span> <span class='ocrx_word' id='word_1_32' title='bbox 1239 846 1291 911; x_wconf 77' lang='lat' dir='ltr'><strong>Da</strong></span> 
     </span>
     <span class='ocr_line' id='line_1_5' title="bbox 161 961 1290 1050; baseline -0.005 -20"><span class='ocrx_word' id='word_1_33' title='bbox 161 985 377 1030; x_wconf 64' lang='lat' dir='ltr'><strong>sternamus</strong></span> <span class='ocrx_word' id='word_1_34' title='bbox 407 983 470 1028; x_wconf 79' lang='lat' dir='ltr'><strong>son</strong></span> <span class='ocrx_word' id='word_1_35' title='bbox 504 982 686 1042; x_wconf 77' lang='lat' dir='ltr'><strong>rrsaauo1s3</strong></span> <span class='ocrx_word' id='word_1_36' title='bbox 704 963 803 1027; x_wconf 80' lang='lat' dir='ltr'><strong>item</strong></span> <span class='ocrx_word' id='word_1_37' title='bbox 837 961 994 1050; x_wconf 84' lang='lat' dir='ltr'><strong>proinde,</strong></span> <span class='ocrx_word' id='word_1_38' title='bbox 1027 961 1056 1025; x_wconf 87' lang='lat' dir='ltr'><strong>si</strong></span> <span class='ocrx_word' id='word_1_39' title='bbox 1094 967 1290 1048; x_wconf 87' lang='lat' dir='ltr'><strong>paramenta</strong></span> 
     </span>
     <span class='ocr_line' id='line_1_6' title="bbox 161 1077 765 1165; baseline -0.005 -22"><span class='ocrx_word' id='word_1_40' title='bbox 161 1077 388 1144; x_wconf 77' lang='lat' dir='ltr'><strong>adhibeantur</strong></span> <span class='ocrx_word' id='word_1_41' title='bbox 407 1077 450 1142; x_wconf 93' lang='lat' dir='ltr'><strong>ad</strong></span> <span class='ocrx_word' id='word_1_42' title='bbox 468 1100 553 1142; x_wconf 90' lang='lat' dir='ltr'><strong>usus</strong></span> <span class='ocrx_word' id='word_1_43' title='bbox 572 1077 731 1165; x_wconf 79' lang='lat' dir='ltr'><strong>profanos</strong></span> <span class='ocrx_word' id='word_1_44' title='bbox 745 1080 765 1140; x_wconf 86' lang='lat'><strong>¹.</strong></span> 
     </span>
    </p>
   </div>
   <div class='ocr_carea' id='block_1_3' title="bbox 365 1407 1087 1485">
    <p class='ocr_par' dir='ltr' id='par_1_3' title="bbox 365 1407 1087 1485">
     <span class='ocr_line' id='line_1_7' title="bbox 365 1407 1087 1485; baseline -0.004 -17"><span class='ocrx_word' id='word_1_45' title='bbox 365 1411 435 1485; x_wconf 72' lang='lat'><strong>56.</strong></span> <span class='ocrx_word' id='word_1_46' title='bbox 459 1409 512 1468; x_wconf 85' lang='lat' dir='ltr'><strong>De</strong></span> <span class='ocrx_word' id='word_1_47' title='bbox 531 1416 616 1469; x_wconf 87' lang='lat' dir='ltr'><strong>taxa</strong></span> <span class='ocrx_word' id='word_1_48' title='bbox 636 1423 833 1468; x_wconf 85' lang='lat' dir='ltr'><strong>sacrorum</strong></span> <span class='ocrx_word' id='word_1_49' title='bbox 853 1407 1087 1467; x_wconf 85' lang='lat' dir='ltr'><strong>utenslllum.</strong></span> 
     </span>
    </p>
   </div>
   <div class='ocr_carea' id='block_1_4' title="bbox 153 1639 1293 3100">
    <p class='ocr_par' dir='ltr' id='par_1_4' title="bbox 153 1639 1293 3100">
     <span class='ocr_line' id='line_1_8' title="bbox 209 1639 1293 1729; baseline -0.007 -19"><span class='ocrx_word' id='word_1_50' title='bbox 209 1641 304 1712; x_wconf 84' lang='grc'><strong>134.</strong></span> <span class='ocrx_word' id='word_1_51' title='bbox 324 1680 368 1691; x_wconf 91' lang='grc'>-</span> <span class='ocrx_word' id='word_1_52' title='bbox 382 1641 781 1711; x_wconf 68' lang='lat' dir='ltr'><strong>praenotanda-111</strong></span> <span class='ocrx_word' id='word_1_53' title='bbox 813 1641 876 1706; x_wconf 90' lang='lat' dir='ltr'><strong>hoc</strong></span> <span class='ocrx_word' id='word_1_54' title='bbox 899 1639 1109 1729; x_wconf 80' lang='lat' dir='ltr'><strong>paragrapho</strong></span> <span class='ocrx_word' id='word_1_55' title='bbox 1132 1639 1293 1727; x_wconf 69' lang='lat' dir='ltr'><strong>quaeritur</strong></span> 
     </span>
     <span class='ocr_line' id='line_1_9' title="bbox 162 1752 1293 1843; baseline -0.005 -21"><span class='ocrx_word' id='word_1_56' title='bbox 162 1779 245 1822; x_wconf 93' lang='lat' dir='ltr'><strong>num</strong></span> <span class='ocrx_word' id='word_1_57' title='bbox 256 1756 548 1822; x_wconf 76' lang='lat' dir='ltr'><strong>administratores</strong></span> <span class='ocrx_word' id='word_1_58' title='bbox 561 1755 781 1822; x_wconf 89' lang='lat' dir='ltr'><strong>ecclesiarum</strong></span> <span class='ocrx_word' id='word_1_59' title='bbox 785 1755 842 1843; x_wconf 92' lang='lat' dir='ltr'><strong>jus</strong></span> <span class='ocrx_word' id='word_1_60' title='bbox 854 1755 1000 1821; x_wconf 86' lang='lat' dir='ltr'><strong>habeant</strong></span> <span class='ocrx_word' id='word_1_61' title='bbox 1011 1752 1219 1842; x_wconf 91' lang='lat' dir='ltr'><strong>percipiendi</strong></span> <span class='ocrx_word' id='word_1_62' title='bbox 1232 1752 1293 1818; x_wconf 88' lang='lat' dir='ltr'><strong>ali·</strong></span> 
     </span>
     <span class='ocr_line' id='line_1_10' title="bbox 162 1867 1292 1960; baseline -0.004 -24"><span class='ocrx_word' id='word_1_63' title='bbox 162 1894 264 1960; x_wconf 91' lang='lat' dir='ltr'><strong>quam</strong></span> <span class='ocrx_word' id='word_1_64' title='bbox 278 1877 392 1936; x_wconf 85' lang='lat' dir='ltr'><strong>taxam</strong></span> <span class='ocrx_word' id='word_1_65' title='bbox 411 1893 472 1958; x_wconf 88' lang='lat' dir='ltr'><strong>pro</strong></span> <span class='ocrx_word' id='word_1_66' title='bbox 492 1869 596 1936; x_wconf 88' lang='lat' dir='ltr'><strong>sacris</strong></span> <span class='ocrx_word' id='word_1_67' title='bbox 615 1869 830 1951; x_wconf 89' lang='lat' dir='ltr'><strong>utensilibus,</strong></span> <span class='ocrx_word' id='word_1_68' title='bbox 846 1892 920 1958; x_wconf 87' lang='lat' dir='ltr'><strong>quae</strong></span> <span class='ocrx_word' id='word_1_69' title='bbox 939 1867 1092 1956; x_wconf 71' lang='lat' dir='ltr'><strong>praebent</strong></span> <span class='ocrx_word' id='word_1_70' title='bbox 1111 1867 1292 1932; x_wconf 89' lang='lat' dir='ltr'><strong>sacerdoti·</strong></span> 
     </span>
     <span class='ocr_line' id='line_1_11' title="bbox 161 1979 1289 2062; baseline -0.004 -13"><span class='ocrx_word' id='word_1_71' title='bbox 161 1984 226 2050; x_wconf 89' lang='lat' dir='ltr'><strong>bus</strong></span> <span class='ocrx_word' id='word_1_72' title='bbox 245 1985 279 2050; x_wconf 94' lang='lat' dir='ltr'><strong>in</strong></span> <span class='ocrx_word' id='word_1_73' title='bbox 300 2007 417 2050; x_wconf 88' lang='lat' dir='ltr'><strong>eorum</strong></span> <span class='ocrx_word' id='word_1_74' title='bbox 437 1984 598 2050; x_wconf 88' lang='lat' dir='ltr'><strong>ecclesias</strong></span> <span class='ocrx_word' id='word_1_75' title='bbox 617 1983 866 2050; x_wconf 81' lang='lat' dir='ltr'><strong>confluentibus</strong></span> <span class='ocrx_word' id='word_1_76' title='bbox 890 1982 933 2048; x_wconf 89' lang='lat' dir='ltr'><strong>ad</strong></span> <span class='ocrx_word' id='word_1_77' title='bbox 952 2005 1046 2048; x_wconf 89' lang='lat' dir='ltr'><strong>sacra</strong></span> <span class='ocrx_word' id='word_1_78' title='bbox 1073 1979 1289 2062; x_wconf 89' lang='lat' dir='ltr'><strong>celebranda,</strong></span> 
     </span>
     <span class='ocr_line' id='line_1_12' title="bbox 162 2095 1288 2187; baseline -0.004 -23"><span class='ocrx_word' id='word_1_79' title='bbox 162 2121 285 2187; x_wconf 89' lang='lat' dir='ltr'><strong>nempe</strong></span> <span class='ocrx_word' id='word_1_80' title='bbox 301 2122 362 2187; x_wconf 91' lang='lat' dir='ltr'><strong>pro</strong></span> <span class='ocrx_word' id='word_1_81' title='bbox 375 2099 584 2187; x_wconf 89' lang='lat' dir='ltr'><strong>paramentis</strong></span> <span class='ocrx_word' id='word_1_82' title='bbox 599 2106 634 2164; x_wconf 90' lang='lat' dir='ltr'><strong>et</strong></span> <span class='ocrx_word' id='word_1_83' title='bbox 646 2099 738 2164; x_wconf 88' lang='lat' dir='ltr'><strong>vasis</strong></span> <span class='ocrx_word' id='word_1_84' title='bbox 751 2098 871 2180; x_wconf 89' lang='lat' dir='ltr'><strong>sacris,</strong></span> <span class='ocrx_word' id='word_1_85' title='bbox 889 2119 981 2179; x_wconf 90' lang='lat' dir='ltr'><strong>cera,</strong></span> <span class='ocrx_word' id='word_1_86' title='bbox 998 2118 1101 2184; x_wconf 89' lang='lat' dir='ltr'><strong>pane,</strong></span> <span class='ocrx_word' id='word_1_87' title='bbox 1114 2095 1210 2176; x_wconf 90' lang='lat' dir='ltr'><strong>vino,</strong></span> <span class='ocrx_word' id='word_1_88' title='bbox 1224 2101 1288 2160; x_wconf 87' lang='lat' dir='ltr'><strong>etc.</strong></span> 
     </span>
     <span class='ocr_line' id='line_1_13' title="bbox 162 2209 1292 2300; baseline -0.004 -22"><span class='ocrx_word' id='word_1_89' title='bbox 162 2212 451 2300; x_wconf 86' lang='lat' dir='ltr'><strong>Distinguendum</strong></span> <span class='ocrx_word' id='word_1_90' title='bbox 476 2220 590 2280; x_wconf 87' lang='lat' dir='ltr'><strong>autem</strong></span> <span class='ocrx_word' id='word_1_91' title='bbox 614 2219 666 2278; x_wconf 87' lang='lat' dir='ltr'><strong>est</strong></span> <span class='ocrx_word' id='word_1_92' title='bbox 685 2213 773 2294; x_wconf 89' lang='lat' dir='ltr'><strong>inter</strong></span> <span class='ocrx_word' id='word_1_93' title='bbox 799 2213 919 2277; x_wconf 89' lang='lat' dir='ltr'><strong>missas</strong></span> <span class='ocrx_word' id='word_1_94' title='bbox 943 2209 1121 2290; x_wconf 78' lang='lat' dir='ltr'><strong>beneficio,</strong></span> <span class='ocrx_word' id='word_1_95' title='bbox 1148 2209 1292 2297; x_wconf 89' lang='lat' dir='ltr'><strong>capella-</strong></span> 
     </span>
     <span class='ocr_line' id='line_1_14' title="bbox 162 2323 1292 2414; baseline -0.004 -22"><span class='ocrx_word' id='word_1_96' title='bbox 162 2327 228 2392; x_wconf 83' lang='lat' dir='ltr'><strong>niae</strong></span> <span class='ocrx_word' id='word_1_97' title='bbox 246 2327 303 2392; x_wconf 84' lang='lat' dir='ltr'><strong>vel</strong></span> <span class='ocrx_word' id='word_1_98' title='bbox 321 2325 511 2392; x_wconf 84' lang='lat' dir='ltr'><strong>fundationi</strong></span> <span class='ocrx_word' id='word_1_99' title='bbox 535 2349 701 2408; x_wconf 86' lang='lat' dir='ltr'><strong>annexas,</strong></span> <span class='ocrx_word' id='word_1_100' title='bbox 724 2334 757 2393; x_wconf 88' lang='lat' dir='ltr'><strong>et</strong></span> <span class='ocrx_word' id='word_1_101' title='bbox 781 2326 921 2414; x_wconf 92' lang='lat' dir='ltr'><strong>proinde</strong></span> <span class='ocrx_word' id='word_1_102' title='bbox 935 2333 1134 2411; x_wconf 82' lang='lat' dir='ltr'><strong>perpetuas,</strong></span> <span class='ocrx_word' id='word_1_103' title='bbox 1156 2330 1191 2388; x_wconf 89' lang='lat' dir='ltr'><strong>et</strong></span> <span class='ocrx_word' id='word_1_104' title='bbox 1209 2323 1292 2388; x_wconf 92' lang='lat' dir='ltr'><strong>mis-</strong></span> 
     </span>
     <span class='ocr_line' id='line_1_15' title="bbox 163 2437 1292 2508; baseline -0.004 -2"><span class='ocrx_word' id='word_1_105' title='bbox 163 2465 220 2506; x_wconf 87' lang='lat' dir='ltr'><strong>sas</strong></span> <span class='ocrx_word' id='word_1_106' title='bbox 253 2442 439 2508; x_wconf 83' lang='lat' dir='ltr'><strong>manuales.</strong></span> <span class='ocrx_word' id='word_1_107' title='bbox 467 2440 594 2506; x_wconf 88' lang='lat' dir='ltr'><strong>Iterum</strong></span> <span class='ocrx_word' id='word_1_108' title='bbox 626 2447 736 2506; x_wconf 88' lang='lat' dir='ltr'><strong>rector</strong></span> <span class='ocrx_word' id='word_1_109' title='bbox 769 2447 827 2506; x_wconf 90' lang='lat' dir='ltr'><strong>aut</strong></span> <span class='ocrx_word' id='word_1_110' title='bbox 859 2439 1113 2506; x_wconf 90' lang='lat' dir='ltr'><strong>administrator</strong></span> <span class='ocrx_word' id='word_1_111' title='bbox 1141 2437 1292 2503; x_wconf 87' lang='lat' dir='ltr'><strong>ecelesiae</strong></span> 
     </span>
     <span class='ocr_line' id='line_1_16' title="bbox 163 2551 1292 2643; baseline -0.003 -25"><span class='ocrx_word' id='word_1_112' title='bbox 163 2562 277 2642; x_wconf 88' lang='lat' dir='ltr'><strong>potest</strong></span> <span class='ocrx_word' id='word_1_113' title='bbox 291 2555 418 2643; x_wconf 87' lang='lat' dir='ltr'><strong>duplici</strong></span> <span class='ocrx_word' id='word_1_114' title='bbox 437 2555 537 2619; x_wconf 93' lang='lat' dir='ltr'><strong>modo</strong></span> <span class='ocrx_word' id='word_1_115' title='bbox 556 2555 729 2642; x_wconf 87' lang='lat' dir='ltr'><strong>percipere</strong></span> <span class='ocrx_word' id='word_1_116' title='bbox 749 2555 836 2620; x_wconf 87' lang='lat' dir='ltr'><strong>hanc</strong></span> <span class='ocrx_word' id='word_1_117' title='bbox 855 2561 986 2635; x_wconf 73' lang='lat' dir='ltr'><strong>tanam,</strong></span> <span class='ocrx_word' id='word_1_118' title='bbox 1004 2575 1124 2639; x_wconf 91' lang='lat' dir='ltr'><strong>nempe</strong></span> <span class='ocrx_word' id='word_1_119' title='bbox 1144 2551 1199 2617; x_wconf 89' lang='lat' dir='ltr'><strong>vel</strong></span> <span class='ocrx_word' id='word_1_120' title='bbox 1214 2551 1292 2616; x_wconf 88' lang='lat' dir='ltr'><strong>reti·</strong></span> 
     </span>
     <span class='ocr_line' id='line_1_17' title="bbox 153 2667 1292 2758; baseline -0.004 -24"><span class='ocrx_word' id='word_1_121' title='bbox 153 2670 275 2735; x_wconf 83' lang='lat' dir='ltr'><strong>nendo</strong></span> <span class='ocrx_word' id='word_1_122' title='bbox 299 2669 447 2758; x_wconf 88' lang='lat' dir='ltr'><strong>aliquam</strong></span> <span class='ocrx_word' id='word_1_123' title='bbox 472 2676 604 2756; x_wconf 87' lang='lat' dir='ltr'><strong>partem</strong></span> <span class='ocrx_word' id='word_1_124' title='bbox 628 2669 851 2756; x_wconf 79' lang='lat' dir='ltr'><strong>eleemosynae</strong></span> <span class='ocrx_word' id='word_1_125' title='bbox 876 2667 1055 2732; x_wconf 87' lang='lat' dir='ltr'><strong>missarum</strong></span> <span class='ocrx_word' id='word_1_126' title='bbox 1075 2689 1134 2731; x_wconf 89' lang='lat' dir='ltr'><strong>scu</strong></span> <span class='ocrx_word' id='word_1_127' title='bbox 1154 2689 1292 2732; x_wconf 91' lang='lat' dir='ltr'><strong>manua-</strong></span> 
     </span>
     <span class='ocr_line' id='line_1_18' title="bbox 163 2777 1292 2871; baseline -0.005 -23"><span class='ocrx_word' id='word_1_128' title='bbox 163 2785 247 2848; x_wconf 91' lang='lat' dir='ltr'><strong>lium</strong></span> <span class='ocrx_word' id='word_1_129' title='bbox 271 2807 330 2849; x_wconf 90' lang='lat' dir='ltr'><strong>seu</strong></span> <span class='ocrx_word' id='word_1_130' title='bbox 355 2783 587 2866; x_wconf 81' lang='lat' dir='ltr'><strong>fundatarum,</strong></span> <span class='ocrx_word' id='word_1_131' title='bbox 614 2805 699 2871; x_wconf 87' lang='lat' dir='ltr'><strong>quas</strong></span> <span class='ocrx_word' id='word_1_132' title='bbox 724 2784 796 2870; x_wconf 90' lang='lat' dir='ltr'><strong>ipse</strong></span> <span class='ocrx_word' id='word_1_133' title='bbox 821 2780 1050 2846; x_wconf 88' lang='lat' dir='ltr'><strong>sacerdotibus</strong></span> <span class='ocrx_word' id='word_1_134' title='bbox 1074 2777 1292 2844; x_wconf 87' lang='lat' dir='ltr'><strong>celebrandas</strong></span> 
     </span>
     <span class='ocr_line' id='line_1_19' title="bbox 162 2891 1291 2980; baseline -0.006 -18"><span class='ocrx_word' id='word_1_135' title='bbox 162 2899 369 2980; x_wconf 81' lang='lat' dir='ltr'><strong>committat,</strong></span> <span class='ocrx_word' id='word_1_136' title='bbox 392 2898 463 2979; x_wconf 89' lang='lat' dir='ltr'><strong>vel,</strong></span> <span class='ocrx_word' id='word_1_137' title='bbox 486 2897 514 2962; x_wconf 91' lang='lat' dir='ltr'><strong>si</strong></span> <span class='ocrx_word' id='word_1_138' title='bbox 534 2897 656 2963; x_wconf 89' lang='lat' dir='ltr'><strong>missas</strong></span> <span class='ocrx_word' id='word_1_139' title='bbox 675 2920 743 2962; x_wconf 90' lang='lat' dir='ltr'><strong>non</strong></span> <span class='ocrx_word' id='word_1_140' title='bbox 763 2897 953 2962; x_wconf 87' lang='lat' dir='ltr'><strong>committat</strong></span> <span class='ocrx_word' id='word_1_141' title='bbox 972 2891 1206 2972; x_wconf 86' lang='lat' dir='ltr'><strong>celebrandas,</strong></span> <span class='ocrx_word' id='word_1_142' title='bbox 1224 2891 1291 2955; x_wconf 85' lang='lat' dir='ltr'><strong>exi·</strong></span> 
     </span>
     <span class='ocr_line' id='line_1_20' title="bbox 162 3011 777 3100; baseline 0 -23"><span class='ocrx_word' id='word_1_143' title='bbox 162 3013 274 3098; x_wconf 85' lang='lat' dir='ltr'><strong>gendo</strong></span> <span class='ocrx_word' id='word_1_144' title='bbox 294 3012 497 3078; x_wconf 90' lang='lat' dir='ltr'><strong>solutionem</strong></span> <span class='ocrx_word' id='word_1_145' title='bbox 517 3011 660 3100; x_wconf 89' lang='lat' dir='ltr'><strong>alicujus</strong></span> <span class='ocrx_word' id='word_1_146' title='bbox 679 3019 777 3077; x_wconf 63' lang='lat' dir='ltr'><strong>taxa».</strong></span> 
     </span>
    </p>
   </div>
   <div class='ocr_carea' id='block_1_5' title="bbox 163 3215 1292 3405">
    <p class='ocr_par' dir='ltr' id='par_1_5' title="bbox 163 3215 1292 3405">
     <span class='ocr_line' id='line_1_21' title="bbox 212 3215 1292 3312; baseline -0.006 -20"><span class='ocrx_word' id='word_1_147' title='bbox 212 3225 306 3294; x_wconf 80' lang='lat'><strong>135.</strong></span> <span class='ocrx_word' id='word_1_148' title='bbox 323 3215 366 3274; x_wconf 69' lang='lat'><strong>.&#39;</strong></span> <span class='ocrx_word' id='word_1_149' title='bbox 381 3225 600 3302; x_wconf 77' lang='lat' dir='ltr'><strong>Quaesitum</strong></span> <span class='ocrx_word' id='word_1_150' title='bbox 612 3225 829 3312; x_wconf 81' lang='lat' dir='ltr'><strong>praevium:</strong></span> <span class='ocrx_word' id='word_1_151' title='bbox 845 3224 941 3288; x_wconf 86' lang='lat' dir='ltr'><strong>Num</strong></span> <span class='ocrx_word' id='word_1_152' title='bbox 954 3230 1108 3288; x_wconf 87' lang='lat' dir='ltr'><strong>teneatur</strong></span> <span class='ocrx_word' id='word_1_153' title='bbox 1119 3221 1292 3307; x_wconf 78' lang='lat' dir='ltr'><strong>parochus</strong></span> 
     </span>
     <span class='ocr_line' id='line_1_22' title="bbox 163 3337 1292 3405; baseline -0.003 -1"><span class='ocrx_word' id='word_1_154' title='bbox 163 3348 224 3404; x_wconf 86' lang='lat' dir='ltr'><strong>aut</strong></span> <span class='ocrx_word' id='word_1_155' title='bbox 248 3349 359 3405; x_wconf 86' lang='lat' dir='ltr'><strong>rector</strong></span> <span class='ocrx_word' id='word_1_156' title='bbox 381 3339 520 3404; x_wconf 77' lang='lat' dir='ltr'><strong>ccclesia</strong></span> <span class='ocrx_word' id='word_1_157' title='bbox 544 3339 722 3404; x_wconf 80' lang='lat' dir='ltr'><strong>admittere</strong></span> <span class='ocrx_word' id='word_1_158' title='bbox 745 3338 931 3404; x_wconf 78' lang='lat' dir='ltr'><strong>sacerdotes</strong></span> <span class='ocrx_word' id='word_1_159' title='bbox 954 3337 1093 3402; x_wconf 80' lang='lat' dir='ltr'><strong>ecclcsiae</strong></span> <span class='ocrx_word' id='word_1_160' title='bbox 1117 3345 1292 3402; x_wconf 73' lang='lat' dir='ltr'><strong>extraneos</strong></span> 
     </span>
    </p>
   </div>
   <div class='ocr_carea' id='block_1_6' title="bbox 163 3453 1293 4112">
    <p class='ocr_par' dir='ltr' id='par_1_6' title="bbox 163 3453 777 3519">
     <span class='ocr_line' id='line_1_23' title="bbox 163 3453 777 3519; baseline -0.002 -1"><span class='ocrx_word' id='word_1_161' title='bbox 163 3454 208 3518; x_wconf 87' lang='lat' dir='ltr'><strong>ad</strong></span> <span class='ocrx_word' id='word_1_162' title='bbox 227 3454 467 3519; x_wconf 86' lang='lat' dir='ltr'><strong>celebrandum</strong></span> <span class='ocrx_word' id='word_1_163' title='bbox 488 3455 522 3518; x_wconf 88' lang='lat' dir='ltr'><strong>in</strong></span> <span class='ocrx_word' id='word_1_164' title='bbox 540 3477 601 3518; x_wconf 85' lang='lat' dir='ltr'><strong>sua</strong></span> <span class='ocrx_word' id='word_1_165' title='bbox 620 3453 777 3518; x_wconf 82' lang='lat' dir='ltr'><strong>ecclesia?</strong></span> 
     </span>
    </p>

    <p class='ocr_par' dir='ltr' id='par_1_7' title="bbox 164 3565 1293 4112">
     <span class='ocr_line' id='line_1_24' title="bbox 209 3565 1293 3654; baseline -0.004 -22"><span class='ocrx_word' id='word_1_166' title='bbox 209 3569 307 3654; x_wconf 78' lang='lat' dir='ltr'><strong>Hesp.</strong></span> <span class='ocrx_word' id='word_1_167' title='bbox 324 3590 336 3634; x_wconf 93' lang='grc'><strong>.·</strong></span> <span class='ocrx_word' id='word_1_168' title='bbox 353 3567 388 3632; x_wconf 89' lang='lat' dir='ltr'><strong>l⁰</strong></span> <span class='ocrx_word' id='word_1_169' title='bbox 401 3567 547 3654; x_wconf 81' lang='lat' dir='ltr'><strong>Agimus</strong></span> <span class='ocrx_word' id='word_1_170' title='bbox 561 3567 603 3632; x_wconf 87' lang='lat' dir='ltr'><strong>de</strong></span> <span class='ocrx_word' id='word_1_171' title='bbox 614 3567 843 3632; x_wconf 88' lang='lat' dir='ltr'><strong>sacerdotibus</strong></span> <span class='ocrx_word' id='word_1_172' title='bbox 858 3567 997 3632; x_wconf 81' lang='lat' dir='ltr'><strong>ecclcsiae</strong></span> <span class='ocrx_word' id='word_1_173' title='bbox 1011 3565 1199 3648; x_wconf 72' lang='lat' dir='ltr'><strong>extrancis,</strong></span> <span class='ocrx_word' id='word_1_174' title='bbox 1208 3586 1293 3628; x_wconf 91' lang='lat' dir='ltr'><strong>nam</strong></span> 
     </span>
     <span class='ocr_line' id='line_1_25' title="bbox 165 3675 1292 3770; baseline -0.004 -24"><span class='ocrx_word' id='word_1_175' title='bbox 165 3683 194 3746; x_wconf 88' lang='lat' dir='ltr'><strong>si</strong></span> <span class='ocrx_word' id='word_1_176' title='bbox 212 3689 334 3770; x_wconf 85' lang='lat' dir='ltr'><strong>agatur</strong></span> <span class='ocrx_word' id='word_1_177' title='bbox 351 3682 393 3748; x_wconf 89' lang='lat' dir='ltr'><strong>de</strong></span> <span class='ocrx_word' id='word_1_178' title='bbox 413 3681 645 3748; x_wconf 89' lang='lat' dir='ltr'><strong>sacerdotibus</strong></span> <span class='ocrx_word' id='word_1_179' title='bbox 663 3681 719 3747; x_wconf 90' lang='lat' dir='ltr'><strong>vel</strong></span> <span class='ocrx_word' id='word_1_180' title='bbox 742 3681 892 3748; x_wconf 85' lang='lat' dir='ltr'><strong>ecclesiae</strong></span> <span class='ocrx_word' id='word_1_181' title='bbox 916 3679 1112 3767; x_wconf 86' lang='lat' dir='ltr'><strong>adscriptis,</strong></span> <span class='ocrx_word' id='word_1_182' title='bbox 1133 3677 1189 3744; x_wconf 85' lang='lat' dir='ltr'><strong>vel</strong></span> <span class='ocrx_word' id='word_1_183' title='bbox 1208 3675 1292 3742; x_wconf 92' lang='lat' dir='ltr'><strong>obli-</strong></span> 
     </span>
     <span class='ocr_line' id='line_1_26' title="bbox 164 3791 1292 3883; baseline -0.004 -22"><span class='ocrx_word' id='word_1_184' title='bbox 164 3796 269 3882; x_wconf 88' lang='lat' dir='ltr'><strong>gatis,</strong></span> <span class='ocrx_word' id='word_1_185' title='bbox 296 3796 426 3862; x_wconf 86' lang='lat' dir='ltr'><strong>ratione</strong></span> <span class='ocrx_word' id='word_1_186' title='bbox 450 3795 620 3878; x_wconf 83' lang='lat' dir='ltr'><strong>beneficii,</strong></span> <span class='ocrx_word' id='word_1_187' title='bbox 643 3795 854 3883; x_wconf 85' lang='lat' dir='ltr'><strong>capellaniae,</strong></span> <span class='ocrx_word' id='word_1_188' title='bbox 881 3803 960 3876; x_wconf 78' lang='lat' dir='ltr'><strong>ete,</strong></span> <span class='ocrx_word' id='word_1_189' title='bbox 987 3793 1030 3860; x_wconf 93' lang='lat' dir='ltr'><strong>ad</strong></span> <span class='ocrx_word' id='word_1_190' title='bbox 1053 3791 1292 3859; x_wconf 88' lang='lat' dir='ltr'><strong>celebrandum</strong></span> 
     </span>
     <span class='ocr_line' id='line_1_27' title="bbox 164 3907 1292 3998; baseline -0.003 -24"><span class='ocrx_word' id='word_1_191' title='bbox 164 3911 200 3975; x_wconf 94' lang='lat' dir='ltr'><strong>in</strong></span> <span class='ocrx_word' id='word_1_192' title='bbox 225 3909 285 3976; x_wconf 86' lang='lat' dir='ltr'><strong>tali</strong></span> <span class='ocrx_word' id='word_1_193' title='bbox 308 3910 467 3992; x_wconf 86' lang='lat' dir='ltr'><strong>ecclesia,</strong></span> <span class='ocrx_word' id='word_1_194' title='bbox 488 3917 584 3998; x_wconf 89' lang='lat' dir='ltr'><strong>patet</strong></span> <span class='ocrx_word' id='word_1_195' title='bbox 602 3933 660 3976; x_wconf 92' lang='lat' dir='ltr'><strong>eos</strong></span> <span class='ocrx_word' id='word_1_196' title='bbox 680 3909 801 3975; x_wconf 87' lang='lat' dir='ltr'><strong>debere</strong></span> <span class='ocrx_word' id='word_1_197' title='bbox 821 3909 970 3991; x_wconf 85' lang='lat' dir='ltr'><strong>admitti,</strong></span> <span class='ocrx_word' id='word_1_198' title='bbox 994 3909 1053 3974; x_wconf 90' lang='lat' dir='ltr'><strong>sed</strong></span> <span class='ocrx_word' id='word_1_199' title='bbox 1073 3907 1232 3990; x_wconf 76' lang='lat' dir='ltr'><strong>servatiS,</strong></span> <span class='ocrx_word' id='word_1_200' title='bbox 1254 3913 1292 3971; x_wconf 92' lang='lat' dir='ltr'><strong>ut</strong></span> 
     </span>
     <span class='ocr_line' id='line_1_28' title="bbox 164 4022 1292 4112; baseline -0.005 -22"><span class='ocrx_word' id='word_1_201' title='bbox 164 4031 275 4112; x_wconf 85' lang='lat' dir='ltr'><strong>patet,</strong></span> <span class='ocrx_word' id='word_1_202' title='bbox 301 4024 583 4090; x_wconf 88' lang='lat' dir='ltr'><strong>conventionibus</strong></span> <span class='ocrx_word' id='word_1_203' title='bbox 607 4029 641 4090; x_wconf 91' lang='lat' dir='ltr'><strong>et</strong></span> <span class='ocrx_word' id='word_1_204' title='bbox 664 4022 980 4105; x_wconf 84' lang='lat' dir='ltr'><strong>consuetudinibus;</strong></span> <span class='ocrx_word' id='word_1_205' title='bbox 1007 4023 1145 4108; x_wconf 89' lang='lat' dir='ltr'><strong>insuper</strong></span> <span class='ocrx_word' id='word_1_206' title='bbox 1169 4044 1292 4108; x_wconf 91' lang='lat' dir='ltr'><strong>suppo-</strong></span> 
     </span>
    </p>
   </div>
   <div class='ocr_carea' id='block_1_7' title="bbox 160 4197 1290 4356">
    <p class='ocr_par' dir='ltr' id='par_1_8' title="bbox 160 4197 1290 4356">
     <span class='ocr_line' id='line_1_29' title="bbox 160 4197 1290 4275; baseline -0.004 -15"><span class='ocrx_word' id='word_1_207' title='bbox 160 4197 165 4206; x_wconf 73' lang='lat'>&#39;</span> <span class='ocrx_word' id='word_1_208' title='bbox 197 4211 206 4245; x_wconf 85' lang='lat'>¹</span> <span class='ocrx_word' id='word_1_209' title='bbox 224 4211 264 4260; x_wconf 76' lang='lat' dir='ltr'><strong>Cf.</strong></span> <span class='ocrx_word' id='word_1_210' title='bbox 278 4210 378 4269; x_wconf 83' lang='lat' dir='ltr'><strong>Callet,</strong></span> <span class='ocrx_word' id='word_1_211' title='bbox 399 4210 489 4260; x_wconf 72' lang='lat' dir='ltr'><strong>Traitd</strong></span> <span class='ocrx_word' id='word_1_212' title='bbox 506 4211 553 4260; x_wconf 84' lang='lat' dir='ltr'><strong>des</strong></span> <span class='ocrx_word' id='word_1_213' title='bbox 567 4209 654 4260; x_wconf 78' lang='lat' dir='ltr'><strong>saints</strong></span> <span class='ocrx_word' id='word_1_214' title='bbox 670 4211 814 4275; x_wconf 74' lang='lat' dir='ltr'><strong>mysttres,</strong></span> <span class='ocrx_word' id='word_1_215' title='bbox 831 4225 853 4258; x_wconf 88' lang='lat' dir='ltr'><strong>c.</strong></span> <span class='ocrx_word' id='word_1_216' title='bbox 870 4227 899 4268; x_wconf 83' lang='lat' dir='ltr'><strong>x,</strong></span> <span class='ocrx_word' id='word_1_217' title='bbox 917 4225 942 4258; x_wconf 91' lang='lat' dir='ltr'><strong>n.</strong></span> <span class='ocrx_word' id='word_1_218' title='bbox 959 4213 1022 4266; x_wconf 78' lang='grc'>7-8,</span> <span class='ocrx_word' id='word_1_219' title='bbox 1041 4208 1129 4267; x_wconf 86' lang='lat' dir='ltr'><strong>Paris,</strong></span> <span class='ocrx_word' id='word_1_220' title='bbox 1147 4211 1216 4266; x_wconf 78' lang='lat' dir='ltr'><strong>tarr,</strong></span> <span class='ocrx_word' id='word_1_221' title='bbox 1233 4209 1252 4256; x_wconf 91' lang='lat' dir='ltr'><strong>t.</strong></span> <span class='ocrx_word' id='word_1_222' title='bbox 1269 4223 1290 4267; x_wconf 87' lang='grc' dir='ltr'><strong>ι,</strong></span> 
     </span>
     <span class='ocr_line' id='line_1_30' title="bbox 165 4289 1181 4356; baseline -0.004 -16"><span class='ocrx_word' id='word_1_223' title='bbox 165 4307 192 4354; x_wconf 86' lang='grc' dir='ltr'><strong>ρ.</strong></span> <span class='ocrx_word' id='word_1_224' title='bbox 209 4295 267 4350; x_wconf 80' lang='grc'><strong>288;</strong></span> <span class='ocrx_word' id='word_1_225' title='bbox 284 4317 313 4327; x_wconf 90' lang='lat'><em>-</em></span> <span class='ocrx_word' id='word_1_226' title='bbox 328 4291 362 4340; x_wconf 87' lang='lat' dir='ltr'><strong>de</strong></span> <span class='ocrx_word' id='word_1_227' title='bbox 378 4289 477 4349; x_wconf 84' lang='lat' dir='ltr'><strong>Herdt,</strong></span> <span class='ocrx_word' id='word_1_228' title='bbox 493 4291 581 4341; x_wconf 77' lang='lat' dir='ltr'><strong>Sacrae</strong></span> <span class='ocrx_word' id='word_1_229' title='bbox 596 4291 718 4356; x_wconf 74' lang='lat' dir='ltr'><strong>liturgia</strong></span> <span class='ocrx_word' id='word_1_230' title='bbox 727 4291 835 4353; x_wconf 72' lang='lat' dir='ltr'><strong>pranis,</strong></span> <span class='ocrx_word' id='word_1_231' title='bbox 852 4305 914 4354; x_wconf 85' lang='lat' dir='ltr'><strong>pars</strong></span> <span class='ocrx_word' id='word_1_232' title='bbox 929 4289 953 4347; x_wconf 80' lang='grc' dir='ltr'><strong>Ι,</strong></span> <span class='ocrx_word' id='word_1_233' title='bbox 970 4305 996 4338; x_wconf 94' lang='lat' dir='ltr'><strong>n.</strong></span> <span class='ocrx_word' id='word_1_234' title='bbox 1017 4295 1071 4348; x_wconf 80' lang='grc'><strong>169,</strong></span> <span class='ocrx_word' id='word_1_235' title='bbox 1085 4305 1113 4352; x_wconf 87' lang='lat' dir='ltr'><strong>p.</strong></span> <span class='ocrx_word' id='word_1_236' title='bbox 1127 4293 1181 4337; x_wconf 76' lang='lat'><strong>207.</strong></span> 
     </span>
    </p>
   </div>
   <div class='ocr_carea' id='block_1_8' title="bbox 0 0 1599 5024">
    <p class='ocr_par' dir='ltr' id='par_1_9' title="bbox 0 0 1599 5024">
     <span class='ocr_line' id='line_1_31' title="bbox 0 0 1599 5024; baseline 0 0"><span class='ocrx_word' id='word_1_237' title='bbox 0 0 1599 5024; x_wconf 95' lang='lat' dir='ltr'><strong> </strong></span> 
     </span>
    </p>
   </div>
  </div>
 </body>
</html>
