3224 5044
302 507 336 562 88
785 507 830 558 DE
849 505 948 558 mssa
1037 505 1039 508 ’

301 653 472 740 fidelihus,
494 651 624 718 addidit
645 652 759 740 (prop.
783 651 876 738 LIV)
896 669 903 717 :
925 677 941 711 κ
965 649 1067 730 Item,
1091 647 1259 735 (doctrina
1284 647 1431 736 Synodi)

303 789 378 856 quae
414 765 510 831 velut
545 771 680 854 turpem
717 763 862 830 abusum
901 769 997 829 notat
1034 785 1186 852 unquam
1220 761 1434 850 praetendere

302 879 553 966 eleemosynam
567 901 634 966 pro
654 879 862 944 celebrandis
878 878 1043 961 missis...,
1061 877 1160 965 quasi
1179 877 1289 965 turpis
1303 875 1434 941 abusus

302 993 442 1060 erimine
462 993 602 1059 notandi
621 1000 736 1059 essent
755 993 902 1058 ministri
923 991 1099 1074 Ecclesiae,
1122 991 1220 1073 dum,
1243 990 1433 1055 secundum

302 1114 476 1196 receptum
509 1116 543 1174 et
572 1107 753 1197 probatum
786 1107 946 1172 Ecclesiae
981 1127 1112 1170 morem
1147 1113 1181 1171 et
1216 1104 1430 1186 institutum,

303 1228 443 1288 utantur
457 1223 534 1310 jure
553 1222 768 1310 promulgato
784 1219 826 1286 ab
839 1219 1006 1307 Apostolo
1026 1219 1212 1308 accipiendi
1230 1217 1432 1306 temporalia

303 1333 345 1400 ab
372 1335 424 1400 his
452 1334 575 1424 quibus
600 1334 787 1422 spiritualia
820 1333 1071 1412 ministrantur,
1098 1332 1205 1417 salsa,
1233 1331 1431 1412 temeraria,

304 1449 513 1514 ecclesiastici
532 1471 569 1514 ac
584 1449 767 1534 pastoralia
780 1448 884 1534 juris·
896 1447 1016 1531 lasiae,
1035 1447 1069 1511 in
1089 1446 1274 1510 Ecclesiam
1290 1447 1435 1530 ejusque

307 1563 479 1628 ministros
500 1563 697 1649 injuriosa¹.
723 1590 738 1622 n

349 1774 418 1846 40.
438 1811 481 1824 -
503 1774 720 1844 Solvuntur
735 1773 1004 1844 difficultates.

352 1890 384 1954 1⁰
403 1889 554 1956 Simonia
578 1897 645 1970 est,
673 1887 800 1975 aliquid
825 1889 1010 1976 temporale
1035 1887 1170 1972 exigere
1194 1909 1254 1974 pro
1280 1909 1315 1950 re
1336 1886 1436 1973 spiri·

305 2005 405 2078 tuali;
432 2027 512 2092 ergo
540 2002 682 2068 simonia
709 2011 762 2066 est
788 2002 922 2088 exigere
948 2001 1200 2088 eleemosynam
1234 2023 1294 2088 pro
1328 2000 1435 2064 missa

306 2117 518 2198 celebranda,
529 2141 604 2204 quea
614 2117 720 2204 gratis
733 2115 934 2204 applicanda
943 2123 1006 2196 est,
1014 2115 1114 2203 juxta
1123 2114 1266 2179 verbum
1273 2113 1429 2178 Domini:

309 2257 325 2292 «
347 2230 461 2294 Gratis
478 2229 669 2316 accepistiS,
686 2230 793 2316 gratis
812 2229 923 2296 date’.
950 2257 966 2290 »

351 2344 449 2427 Rcap.
468 2365 480 2408 .·
501 2343 651 2408 Simonia
670 2343 807 2431 quidem
825 2352 878 2410 est
897 2344 1031 2431 exigere
1051 2341 1226 2430 quidpiam
1246 2341 1436 2428 temporale

306 2480 367 2545 pro
387 2479 423 2520 re
443 2455 627 2543 spirituali,
650 2467 813 2543 tanquam
830 2459 936 2545 hujus
958 2458 1182 2543 rciprclium,
1200 2456 1242 2520 de
1258 2479 1326 2542 quo
1340 2455 1435 2520 nulla

307 2569 508 2650 difficultas3
530 2569 668 2658 insuper
682 2572 906 2636 simoniacum
923 2578 1013 2636 esset
1032 2571 1165 2656 exigere
1180 2569 1361 2658 pecuniam
1375 2591 1438 2656 pro

309 2685 423 2750 labore
443 2684 622 2750 intrinseco
642 2684 699 2772 qui
719 2683 908 2750 necessario
929 2682 1137 2772 impenditur
1155 2684 1190 2747 in
1210 2705 1245 2747 re
1266 2683 1437 2772 spirituali

308 2799 554 2880 ministranda;
589 2821 668 2862 nam
700 2798 753 2862 hic
787 2797 882 2862 labor
915 2798 1137 2878 intrinsecus,
1168 2803 1287 2885 utpote
1317 2819 1437 2862 neces-

309 2913 433 2993 sarius,
455 2910 671 2978 confunditur
691 2934 769 2976 cum
789 2912 861 2998 ipsa
885 2935 921 2976 re
941 2911 1121 2999 spirituali.
1144 2909 1233 2992 lm0,
1251 2911 1309 2998 jus
1335 2909 1438 2975 habet

310 3025 461 3092 Ecclesia
480 3024 681 3113 prohibendi
700 3048 742 3091 ne
761 3025 843 3113 quid
862 3025 1048 3113 temporale
1068 3024 1253 3112 accipiatur
1271 3046 1438 3112 quocum-

309 3162 375 3227 que
395 3141 494 3204 modo
514 3139 690 3204 occasione
711 3139 758 3201 rei
778 3139 979 3226 spiritualis,
1003 3138 1030 3204 si
1051 3139 1115 3203 hoc
1130 3137 1262 3226 judicet
1280 3159 1439 3202 necessa·

309 3252 397 3316 rium
417 3251 459 3315 ad
478 3252 659 3318 avertenda
679 3252 829 3340 pericula
843 3259 877 3317 et
892 3251 1072 3332 scandala;
1091 3253 1126 3316 in
1146 3275 1214 3340 quo
1234 3273 1315 3316 casu
1333 3253 1438 3316 simo-

311 3365 446 3430 niacum
461 3365 564 3430 etiam
579 3373 680 3448 esset,
696 3366 841 3430 simonia
855 3367 977 3431 saltem
987 3365 1075 3452 juris
1090 3365 1323 3445 ecclesiastici,
1342 3365 1439 3452 quid-

311 3499 413 3568 quam
422 3478 584 3567 accipere.
599 3481 777 3545 -Verum
787 3481 953 3560 sacerdos,
964 3481 1106 3545 missam
1116 3471 1438 3560 celebraturuS,non

311 3593 433 3683 accipit
447 3600 506 3660 aut
520 3593 626 3681 exigit
639 3594 818 3682 pecuniam
838 3613 898 3681 pro
918 3593 1021 3659 missa
1040 3594 1130 3681 ipsa,
1154 3617 1216 3659 nec
1235 3617 1296 3682 pro
1322 3591 1439 3657 labore

311 3710 346 3774 in
366 3731 404 3774 ea
423 3708 666 3796 impendendo,
688 3708 777 3773 unde
797 3731 860 3773 nec
879 3707 973 3772 laedit
986 3707 1129 3773 verbum
1145 3707 1283 3773 Domini
1301 3727 1309 3772 :
1326 3707 1439 3771 Gratis

312 3823 497 3908 accepistis,
520 3829 599 3902 etc.;
622 3821 681 3886 sed
701 3829 834 3888 tantum
854 3822 1005 3910 postulat
1024 3821 1153 3909 aliquid
1166 3845 1233 3907 pro
1257 3822 1311 3886 sui
1335 3821 1439 3906 ipsius

311 3938 568 4020 sustentatione,
590 3959 672 4000 usus
693 3935 749 4022 (ut
775 3937 822 4002 ait
852 3935 932 4000 Pius
961 3935 1024 4016 Vl,
1046 3935 1104 4002 cit.
1131 3935 1224 4000 bulla
1252 3935 1437 4000 Auctorem

311 4051 408 4139 fidei)
433 4051 510 4139 jure
529 4051 744 4139 promulgato
765 4049 807 4116 ab
833 4043 1002 4138 'Apostolo
1027 4047 1213 4136 accipiendi
1237 4046 1435 4136 temporalia

344 4231 352 4264 ¹
370 4231 441 4279 Ball.
459 4245 526 4280 rom.
542 4232 622 4288 cont,
642 4233 661 4278 t.
683 4247 721 4289 rx,
743 4245 769 4294 p.
784 4233 840 4288 lot,
858 4233 911 4278 lou.

342 4310 477 4368 uuum,
494 4328 522 4369 x,
538 4317 562 4360 8.
