3246 5026
302 523 355 578 356
787 519 831 570 DE
849 518 947 570 Missa

302 665 478 748 specialiter
504 663 670 734 attributa,
699 662 931 740 responsiones,
960 681 1013 719 seu
1044 660 1270 721 declarationes
1298 663 1430 724 interius

300 759 504 843 apponendae.

343 857 366 918 l.
384 857 485 937 Super
503 855 604 936 primo
620 854 721 914 Sacrae
737 853 995 931 Congregationis
1014 853 1140 914 decreto
1159 852 1198 912 de
1217 854 1429 916 celebratione

300 955 479 1026 missarum,
502 972 566 1032 quo
588 950 782 1032 prohibetur,
804 970 843 1008 ne
859 949 1019 1029 Episcopi,
1041 950 1072 1008 in
1091 949 1266 1010 dioecesana
1287 952 1427 1031 synod0,

298 1057 354 1112 aut
373 1049 543 1110 Generales
566 1048 597 1106 in
618 1045 763 1127 capitulis
786 1045 998 1124 generalibus,
1021 1045 1070 1104 vel
1090 1045 1166 1105 alias
1185 1049 1426 1127 quoquomod0,

298 1146 450 1207 reducant
474 1165 568 1204 onera
594 1143 657 1203 ulla
682 1143 845 1202 missarum
870 1141 1142 1214 celebrandarum,
1167 1151 1222 1201 aut
1246 1151 1318 1223 post
1342 1143 1426 1204 idem

298 1242 396 1304 Cone.
424 1241 585 1323 imposita,
610 1247 664 1300 aut
688 1239 719 1298 in
744 1238 850 1298 limine
877 1237 1087 1311 fundationis3
1114 1239 1276 1318 queritur,
1301 1238 1375 1320 quid
1400 1241 1427 1299 si

297 1340 434 1419 legatum
459 1337 499 1398 sit
517 1337 559 1396 ita
576 1345 683 1408 tenue,
702 1341 736 1394 ut
760 1355 823 1394 non
848 1334 887 1393 sit
910 1335 961 1414 qui
983 1334 1058 1394 velit
1080 1355 1159 1394 onus
1181 1334 1226 1394 illi
1249 1335 1428 1416 injunctum

296 1435 416 1510 subire,
433 1442 480 1508 et,
497 1434 522 1493 si
538 1431 762 1493 recurrendum
778 1431 817 1490 sit
830 1430 870 1490 ad
884 1429 996 1490 Sedem
1009 1432 1120 1511 Apost.
1138 1451 1195 1511 pro
1211 1431 1427 1492 moderatione

295 1531 415 1604 oneris,
429 1537 546 1602 totum,
559 1535 613 1589 aut
629 1528 692 1588 lere
708 1535 810 1587 totum
825 1527 1045 1587 insumendum
1057 1527 1096 1586 sit
1107 1547 1164 1607 pro
1179 1528 1324 1608 expensis
1339 1527 1377 1588 ad
1392 1529 1425 1588 id

296 1625 500 1688 necessariis?
520 1623 559 1684 Et
578 1623 669 1706 quid,
691 1624 716 1683 si
736 1623 936 1704 permittatur
951 1623 1106 1705 Episqopo
1126 1623 1156 1681 in
1174 1623 1372 1696 fundatione,
1390 1633 1428 1684 ut

295 1723 393 1806 possit
408 1720 586 1804 hujusmodi
602 1741 696 1780 onera
712 1719 890 1780 moderari?

337 1820 377 1882 ll.
400 1819 500 1900 Super
522 1817 660 1878 secundo
682 1816 821 1898 ejusdem
844 1817 960 1895 Congr.
982 1815 1123 1888 decreto,
1145 1835 1208 1896 quo
1227 1825 1368 1890 cavetur,
1390 1825 1424 1876 ut

294 1916 493 1977 celebrentur
517 1921 564 1973 tot
588 1913 704 1986 missae,
728 1921 804 1993 quot
829 1911 866 1972 ad
892 1912 1045 1972 rationem
1067 1910 1192 1970 tributae
1216 1911 1426 1992 eleemosynae

294 2012 484 2094 praescriptae
501 2011 634 2083 luerint;
651 2007 802 2090 quaeritur
817 2029 855 2068 an
876 2008 970 2068 rerba
990 2007 1041 2068 illa
1058 2006 1268 2088 (praescripta
1282 2007 1423 2088 suerint)

294 2105 497 2186 intelligenda
522 2105 585 2165 sint
614 2105 652 2164 dc
679 2105 915 2185 praescriptione
942 2105 1023 2164 lacta
1049 2104 1088 2163 ab
1114 2105 1281 2176 oilercute,
1308 2103 1356 2164 vel
1383 2105 1425 2164 ab

293 2201 484 2264 Ordinario?

334 2299 389 2356 lll.
406 2297 470 2368 An,
488 2315 559 2354 curn
571 2295 755 2356 Ordinarius
771 2295 996 2377 praescripserit
1008 2296 1235 2376 eleemosynam
1251 2317 1423 2376 congruam

290 2395 381 2476 juxta
409 2391 591 2474 qualitatem
616 2391 692 2466 loci,
719 2412 938 2472 personarum,
965 2413 1000 2452 ac
1028 2399 1219 2472 temporum,
1245 2393 1423 2454 sacerdotes

292 2490 483 2572 accipientes
499 2486 688 2568 stipendium
710 2488 814 2547 minus
829 2509 984 2568 congruo,
1002 2497 1168 2550 teneantur
1183 2489 1291 2550 missas
1307 2489 1368 2550 illis
1382 2490 1423 2549 ab

296 2589 444 2648 ollerente
461 2585 657 2665 praescriptas
672 2583 850 2644 celebrare?

333 2683 387 2744 IV.
403 2685 450 2742 Αιι
465 2681 652 2754 sacerdotes,
668 2681 721 2761 qui
739 2688 885 2740 tenentur
899 2681 1007 2741 missas
1023 2681 1180 2742 celebrare
1194 2683 1316 2742 ratione
1330 2681 1422 2742 bene-

236 2777 239 2784 ’
293 2780 370 2855 ficii,
395 2801 448 2840 seu
473 2777 615 2860 capellae,
642 2777 751 2855 legati,
775 2784 829 2836 aut
849 2777 967 2851 salarii,
992 2779 1111 2858 possint
1130 2777 1223 2837 etiam
1244 2779 1422 2838 manualem

293 2877 521 2957 eleemosynam
544 2895 601 2955 pro
624 2873 725 2933 missis
748 2874 879 2946 votivis,
900 2882 955 2933 aut
975 2873 1193 2934 detunctorum
1215 2874 1370 2954 recipere,
1390 2883 1423 2934 et

293 2974 386 3034 unico
402 2974 503 3032 missae
520 2971 671 3031 sacrificio
689 2970 812 3051 utrique
827 2971 913 3030 oneri
930 2970 1130 3030 satisfacere?

334 3069 371 3129 V.
398 3067 520 3142 Posito,
545 3065 630 3148 quod
654 3073 784 3126 testator
807 3065 978 3147 relinquat,
1002 3075 1037 3126 ut
1058 3065 1253 3127 celebrentur
1275 3087 1332 3148 pro
1353 3067 1424 3148 ejus

293 3165 394 3226 anima
417 3172 543 3224 centum
566 3162 686 3236 missae,
710 3163 827 3244 absque
851 3161 913 3222 ulla
938 3161 1173 3242 praescriptione
1195 3164 1421 3242 eleemosynam

294 3261 455 3342 quaeritur,
473 3279 510 3318 an
527 3257 660 3318 liberum
677 3259 717 3317 sit
731 3257 907 3319 haeredibus
922 3259 1149 3339 eleemosynam
1166 3258 1222 3319 sibi
1243 3259 1422 3320 benevisam

295 3353 513 3437 prescribere,
542 3375 581 3414 an
609 3375 684 3414 vero
712 3354 819 3415 eadem
845 3356 1039 3435 eleemosyna
1065 3355 1293 3436 praescribenda
1319 3356 1358 3415 sit
1382 3355 1423 3415 ab

295 3450 485 3512 Ordinariol

335 3547 392 3610 Vl.
422 3549 524 3630 Super
557 3548 651 3608 tertio
682 3549 800 3625 Congr.
829 3547 972 3618 decreto,
1003 3549 1035 3606 in
1067 3569 1129 3630 quo
1162 3548 1269 3608 eadem
1301 3547 1420 3626 Congr.

296 3653 423 3708 revocat
447 3643 624 3726 privilegia,
648 3643 761 3724 quibus
783 3643 979 3723 indulgetur,
1003 3653 1038 3704 ut
1062 3653 1215 3704 certarum
1240 3645 1421 3716 missarum,

296 3741 345 3800 vel
374 3739 658 3802 anniversariorum
685 3738 895 3799 celebratione
922 3746 975 3800 aut
1001 3739 1156 3821 aliquibus
1182 3740 1337 3812 collectis,
1367 3761 1422 3800 seu

296 3835 507 3910 orationibus,
524 3834 659 3916 plurium
676 3833 839 3894 missarum
855 3835 1000 3896 oneribus
1016 3837 1047 3895 in
1062 3836 1200 3896 luturum
1217 3836 1424 3916 suscipiendis

296 3933 485 4006 satisfaciat3
502 3931 653 4013 quaeritur
669 3951 707 3990 an
722 3930 816 3992 verba
832 3930 881 4004 (in
901 3931 1048 4012 futurum
1063 3931 1290 4013 sriseipieudis)
1305 3932 1423 3994 iutelli-

296 4029 397 4109 genda
413 4027 476 4088 sint
491 4027 529 4088 de
544 4025 691 4088 oneribus
707 4027 911 4108 suscipiendis
926 4035 996 4107 post
1011 4028 1232 4109 privilegium?

337 4123 407 4184 Vll.
430 4125 530 4205 Super
553 4129 665 4205 quarto
690 4122 829 4204 ejusdem
854 4123 970 4202 Congr.
993 4123 1134 4197 decreto,
1156 4145 1219 4206 quo
1239 4125 1424 4206 prohibetur

295 4219 465 4294 sacerdoti,
493 4219 546 4301 qui
576 4219 713 4300 suscepit
743 4218 867 4279 missam
894 4217 1111 4280 celebrandam
1136 4241 1206 4282 eum
1231 4229 1315 4281 certa
1338 4219 1423 4282 elee-

295 4335 442 4394 mosyna,
464 4337 502 4375 ne
521 4315 660 4376 eamdem
680 4315 806 4376 missam
825 4313 929 4386 alteri,
947 4322 1033 4396 parte
1053 4314 1192 4397 ejusdem
1213 4315 1423 4396 eleemosynae
