3224 5044
368 501 412 551 DE
430 501 603 552 nflssnnuu
622 499 855 552 ELEEMOSYNIS
874 499 1087 552 MANUALIBUS
1256 499 1287 551 ⁹¹

163 645 320 712 sacerdos
353 645 398 710 sit
425 645 540 726 dives,
575 667 714 732 prorsus
743 643 965 730 impertinens
994 651 1047 708 est
1076 643 1219 709 relative
1247 644 1291 709 ad

163 760 319 846 officium
341 759 417 846 jure
442 759 558 823 divino
577 758 744 823 indictum
768 756 925 823 fidelibus
949 756 1165 823 sustentandi
1188 757 1291 821 mini-

164 881 285 954 strum,
306 880 340 938 et
359 873 402 938 ad
415 875 480 960 jus
503 872 582 937 huic
608 873 764 938 ministro
790 879 989 960 competens
1015 871 1101 936 hanc
1121 877 1290 937 sustenta-

163 988 292 1053 tionem
323 986 519 1074 recipiendi.
554 986 651 1052 Unde
682 993 820 1052 sanctus
849 987 977 1052 Paulus
997 981 1072 1068 ait,
1106 987 1166 1051 loc.
1199 987 1255 1052 cit.
1280 1004 1287 1051 τ

166 1130 181 1162 «
214 1100 298 1180 Quis
329 1100 455 1166 militat
484 1101 554 1166 suis
587 1099 765 1189 stipendiis
791 1103 967 1188 unquam‘l
999 1127 1015 1160 ιι
1049 1099 1119 1164 Nec
1148 1099 1291 1164 concilia

164 1223 222 1281 aut
250 1216 351 1280 Rom.
383 1214 567 1280 Pontifices
600 1215 817 1301 distinguunt
846 1214 935 1279 inter
962 1212 1173 1279 sacerdotem
1204 1214 1291 1277 divi-

163 1336 233 1394 tem
257 1335 292 1393 et
314 1328 461 1417 inopem.
492 1327 535 1392 Et
558 1329 605 1393 ita
631 1329 856 1393 communiter
880 1324 1051 1408 doctores,
1073 1350 1107 1394 v.
1129 1351 1177 1414 g.,
1207 1325 1291 1392 Sua-

76 1457 84 1468 ·
164 1465 233 1523 rez,
256 1443 297 1506 de
318 1442 510 1524 Berlendis,
532 1443 568 1509 S.
590 1442 805 1530 Alphonsus,
827 1445 913 1508 etet

209 1655 278 1722 42.
309 1693 353 1703 -
384 1655 585 1732 Quaeritur
612 1655 650 1722 2ο
682 1654 794 1738 Νιιιη,
828 1656 964 1740 quando
992 1655 1112 1740 plures
1148 1653 1291 1718 concele-

138 1827 141 1834 ,
164 1770 283 1852 brant,
298 1769 426 1853 sinquli
440 1770 572 1854 possint
592 1769 736 1853 recipere
754 1768 1025 1853 eleemosynam?

209 1881 254 1946 N.
276 1883 317 1947 B.
336 1881 374 1946 ln
395 1882 547 1947 Ecclesia
567 1881 748 1964 Orientali,
772 1883 861 1946 sicut
879 1881 978 1962 olim,
1001 1881 1049 1946 sic
1068 1881 1171 1946 etiam
1191 1878 1291 1943 hodie

164 1996 199 2060 in
219 2018 313 2060 more
333 2003 386 2061 est
405 1994 672 2078 concelebratio,
694 1997 728 2060 vi
749 1996 862 2083 cujus,
885 2003 1007 2082 preater
1021 1995 1219 2082 episcopum
1235 1991 1291 2056 vel

165 2109 270 2174 alium
289 2110 562 2198 principaliorem
583 2108 830 2192 celebrantem,
853 2132 942 2174 unus
968 2109 1023 2174 vel
1042 2108 1156 2197 plures
1181 2107 1238 2172 alii
1255 2107 1290 2170 in

165 2223 285 2289 eodem
304 2222 403 2288 altari
424 2224 579 2290 eamdem
597 2224 744 2289 hostiam
765 2223 988 2312 eumdemque
1015 2223 1155 2288 calicem
1171 2245 1290 2287 conse-

164 2345 279 2419 crant,
312 2337 438 2426 quibu's
468 2361 587 2402 omnes
614 2338 737 2403 deinde
760 2339 977 2426 participant.
1004 2377 1048 2386 —
1075 2337 1113 2402 ln
1139 2337 1290 2402 Ecclesia

165 2450 387 2532 Occidentali,
403 2451 498 2538 viget
517 2452 627 2516 adhuc
647 2451 912 2533 concelebratio,
930 2459 1004 2517 tum
1024 2453 1058 2516 in
1079 2451 1290 2516 ordinatione

165 2564 459 2652 presbyterorum,
482 2573 554 2631 turn
574 2565 609 2629 in
630 2566 882 2630 consecratione
903 2565 1072 2654 Episcopi.

210 2680 308 2764 Besp.
332 2702 344 2745 .·
381 2679 525 2759 Quando
551 2679 667 2767 plures
696 2677 951 2760 concelebrant,
986 2679 1115 2763 sinpuli
1146 2686 1291 2762 possunt

165 2793 335 2879 applicare
364 2795 501 2858 missam
526 2803 558 2858 et
588 2795 733 2879 recipere
759 2795 1016 2878 eleemosynam.
1039 2793 1192 2856 -Nam
1217 2811 1224 2856 :
1257 2794 1286 2854 l.

166 2909 253 2972 Vere
280 2907 404 2995 singuli
438 2909 577 2973 missam
609 2907 797 2990 celebrant,
831 2907 1045 2994 offeruntque
1070 2905 1288 2985 sacrificium3

166 3021 196 3086 si
221 3022 311 3086 eninr
338 3023 423 3101 sint,
445 3047 478 3086 v.
508 3047 557 3110 g.,
590 3021 657 3086 duo
682 3020 972 3102 concelebrantes,
999 3021 1074 3084 dum
1098 3026 1179 3084 sunt
1202 3019 1290 3084 eele-

165 3133 286 3228 brandi
299 3135 523 3217 intentiones,
537 3136 611 3200 duae
625 3135 919 3224 pronuntiationes
932 3135 1047 3199 lormae
1067 3157 1168 3221 super
1185 3140 1290 3198 mate-

165 3249 251 3312 riam
270 3255 397 3336 aptam,
415 3257 449 3314 et
468 3250 609 3338 proinde
624 3249 698 3328 dure
713 3245 865 3314 actiones
878 3249 1053 3328 sacrificae;
1071 3247 1162 3336 quod
1177 3254 1290 3312 autem

166 3364 211 3428 sit
235 3363 352 3429 eadem
378 3386 433 3428 res
461 3364 591 3445 oblata,
625 3386 747 3452 nempe
774 3363 931 3429 Christus
957 3349 1142 3444 Dominus,
1163 3362 1198 3426 id
1221 3385 1290 3427 non

166 3474 264 3541 obest
289 3477 476 3564 pluralitati
502 3478 674 3543 actionum
698 3477 943 3558 sacrificorum,
972 3501 1077 3566 quum
1102 3477 1220 3542 eadem
1247 3477 1291 3540 sit

167 3613 220 3654 res
240 3590 354 3656 oblata
377 3615 438 3678 pro
465 3592 624 3656 omnibus
648 3592 821 3686 sacrifieiis
846 3592 952 3656 totius
981 3591 1110 3655 mundi.
1139 3589 1173 3655 Si
1202 3590 1290 3654 nolis

166 3704 345 3770 admittere
378 3705 609 3793 pluralitatem
641 3705 814 3787 sacrificii,
849 3706 972 3771 saltem
1003 3703 1185 3769 dicendum
1220 3710 1287 3783 est,

166 3841 246 3897 cum,
264 3818 386 3885 Suarez
396 3823 418 3902 ⁹,
439 3819 584 3906 singulis
597 3819 914 3884 concelebrantibus
928 3818 1189 3906 correspondere
1205 3816 1291 3881 inte-

166 3955 264 4020 grum
289 3933 437 3999 fructum
462 3934 641 4004 sacrificii:
668 3932 759 4022 quod
786 3933 828 3998 ad
853 3933 943 3999 idem
970 3932 1059 3998 redit
1087 3955 1147 4020 pro
1174 3953 1290 4020 perce-

199 4135 206 4170 ¹
223 4136 333 4194 Suarez,
354 4136 403 4186 loc.
424 4135 480 4194 eit,
502 4139 567 4185 sect.
588 4151 629 4194 ιιι,
651 4152 677 4186 ιι.
694 4143 720 4196 2ς
739 4163 765 4172 -
782 4137 815 4184 dc
835 4135 988 4192 Berlendis,
1009 4149 1071 4198 pars
1092 4134 1116 4190 1,
1138 4137 1149 4192 5
1169 4138 1196 4190 9,
1217 4148 1242 4180 ιι.
1261 4139 1287 4192 3,

166 4232 192 4279 p.
209 4221 339 4277 att-2223
355 4243 386 4253 -
401 4216 428 4265 S.
445 4216 537 4279 Alph,
552 4215 599 4265 lib.
616 4215 668 4275 lll,
685 4231 711 4264 n.
728 4221 766 4264 55.

197 4295 208 4330 ²
224 4295 255 4344 ln
266 4297 338 4358 part.
353 4296 398 4344 ΙΙΙ
409 4296 440 4343 Ι).
461 4295 582 4355 Thomas,
598 4297 667 4359 disp.
686 4295 809 4354 LXXIX,
826 4299 891 4344 sect.
907 4311 956 4352 xu,
973 4311 999 4342 n.
1016 4299 1038 4342 5.
