3246 5026
568 434 573 442 ’
659 463 859 516 nouuusnm
1271 464 1322 516 asa

233 613 320 686 §⁵22
348 609 462 682 Porro,
493 632 531 670 ne
558 611 622 671 ullo
653 631 789 691 unquam
819 617 959 691 tempore
988 610 1109 686 omnia,
1139 617 1170 669 et
1199 609 1320 688 singula

193 706 319 766 decreta
334 706 482 787 praedicta
498 706 529 765 in
545 706 747 780 oblivionem,
764 727 817 766 seu
834 706 1072 766 desuetudinem
1086 706 1210 779 abeant,
1223 713 1322 768 recto·

192 823 257 876 res,
281 802 473 882 superiores,
498 824 551 862 seu
574 803 708 884 capitula
732 803 931 862 ecclesiarum
958 802 1143 864 secularium
1169 802 1221 862 illa
1250 802 1322 861 reti-

194 906 288 958 neant
300 898 425 979 publice
438 898 578 978 exposita
592 899 624 958 in
640 919 747 958 eorum
760 899 894 959 sacrario
906 917 913 972 ;
928 899 1103 979 superiores
1119 919 1193 959 vero
1209 899 1322 958 locales

191 994 419 1076 cujuscumque
439 995 636 1070 monasterii,
652 1002 843 1068 conventus,
861 1015 896 1054 ac
911 994 1021 1054 domus
1042 993 1192 1073 regularis
1212 1014 1321 1054 curare

191 1097 223 1150 et
238 1090 362 1150 efficere
379 1097 543 1150 teneantur
558 1092 616 1152 sub
633 1113 723 1172 poena
744 1091 927 1171 privationis
943 1089 1134 1162 officiorum,
1153 1111 1222 1170 quar
1238 1089 1320 1149 obti-

192 1194 283 1259 nent,
301 1187 449 1268 vocisque
469 1187 594 1261 activae,
612 1195 643 1247 et
664 1188 795 1268 passivae
818 1187 886 1268 ipso
908 1185 991 1246 facto
1014 1186 1216 1256 incurrendo,
1234 1193 1268 1245 ut
1287 1187 1319 1244 in

191 1291 377 1364 perpetuum
398 1292 487 1344 sexto
507 1305 632 1366 quoquc
652 1305 774 1356 mense,
796 1284 892 1359 idest,
914 1282 988 1342 seria
1008 1282 1144 1342 secunda
1165 1289 1236 1362 post
1255 1281 1319 1361 pri-

191 1400 274 1440 mam
289 1380 476 1440 dominicam
493 1381 673 1450 Adventus,
693 1387 724 1440 et
738 1381 814 1440 scria
830 1387 917 1440 sexta
932 1387 1004 1460 post
1018 1386 1160 1439 octavam
1171 1378 1320 1458 Corporis

191 1475 308 1536 Christi
328 1497 451 1548 omnes,
474 1483 504 1536 ct
524 1477 654 1556 singultu
676 1477 859 1558 praemissae,
880 1483 947 1535 tum
970 1477 1110 1548 insertae,
1132 1495 1186 1534 seu
1209 1474 1319 1534 confir-

191 1581 298 1646 matae,
317 1579 381 1633 tum
397 1573 429 1633 in
445 1595 581 1654 praesens
601 1573 691 1633 iactae
706 1573 919 1633 ordinationes
935 1593 995 1633 una
1015 1593 1086 1632 cum
1106 1571 1198 1632 dictis
1216 1569 1319 1630 decla-

191 1669 363 1730 rationibus
379 1669 410 1729 in
427 1670 550 1750 publica
566 1691 672 1730 mensa
689 1670 900 1750 perlegantur.

231 1765 311 1842 §23.
328 1765 530 1826 Meminerint
544 1766 650 1846 igitur,
666 1773 697 1826 ct
712 1773 855 1844 satagant
869 1765 1035 1836 Ordinarii,
1051 1773 1085 1824 ut
1100 1785 1116 1824 a
1133 1763 1272 1844 personis
1288 1771 1317 1823 et

191 1863 222 1922 in
239 1863 377 1922 ecclesiis
397 1862 636 1944 quoquomodo,
654 1863 746 1922 ctiam
768 1862 798 1921 in
821 1861 883 1921 vim
904 1861 1100 1922 decretorum
1117 1861 1214 1921 Cone.
1231 1859 1316 1918 Trid.

191 1959 249 2019 sibi
271 1957 436 2039 subjectiS,
458 1959 576 2028 missa,
598 1980 633 2018 ea
656 1980 717 2040 qua
740 1980 795 2039 par
817 1965 879 2030 est,
903 1957 979 2028 fide,
1004 1963 1035 2016 et
1054 1956 1214 2036 diligentia
1237 1955 1318 2015 cele-

192 2055 339 2128 brentur;
366 2061 397 2114 et
421 2063 549 2131 cuncta,
575 2063 606 2114 et
630 2054 750 2135 singula
776 2054 901 2114 decreta
925 2053 1105 2135 hujusmodi
1130 2051 1318 2112 omnimodae

191 2137 367 2210 executioni
396 2149 639 2224 demandentur,
666 2152 780 2212 nedum
807 2151 960 2232 justitiam
989 2147 1238 2221 recurrentibus,
1263 2169 1318 2207 seu

191 2246 381 2306 instantibus
396 2246 579 2320 reddentes,
597 2247 650 2308 sed
667 2269 704 2308 ex
721 2247 840 2320 officia,
858 2254 924 2307 tum
940 2248 972 2306 in
988 2244 1234 2318 visitationibus,
1252 2251 1317 2304 tum

191 2343 223 2402 in
244 2342 313 2403 aliis
334 2342 470 2417 actibus,
496 2351 529 2404 et
549 2343 664 2418 modis,
686 2365 765 2424 quos
787 2343 948 2424 expedire,
970 2352 1000 2403 et
1022 2343 1189 2403 convenire
1210 2340 1316 2411 toties,

191 2439 315 2521 quoties
332 2439 558 2520 judicaverint,
576 2440 785 2521 inquirentes,
806 2461 844 2499 ne
864 2440 981 2520 aliquid
1001 2439 1226 2510 committatur,
1248 2457 1318 2517 pcr-

191 2543 343 2608 vertatur,
365 2535 536 2608 differatur,
563 2536 612 2594 vel
639 2537 813 2607 omittatur,
841 2537 924 2616 quod
944 2535 992 2594 bis
1016 2533 1177 2608 omnibus,
1203 2541 1235 2594 et
1253 2534 1317 2592 sin-

191 2631 272 2710 gulis
287 2631 421 2691 decretis
435 2631 628 2692 adversetur.

232 2725 315 2804 §tt
337 2727 477 2787 Caveant
499 2727 592 2788 ctiam
615 2727 789 2808 respective
810 2748 919 2786 omnes
942 2727 1115 2805 regularcS,
1139 2733 1205 2784 tum
1228 2747 1318 2804 supc-

192 2823 289 2883 riores
314 2823 519 2904 quicumque,
545 2823 661 2883 nedum
684 2824 814 2896 locales,
841 2823 895 2882 sed
920 2823 1012 2882 etiam
1038 2821 1261 2902 provinciales,
1287 2827 1318 2879 et

192 2919 366 3000 generales,
389 2941 427 2980 ne
442 2921 604 2980 missarum
621 2919 804 2991 celebrati0,
822 2927 853 2980 et
867 2919 1006 2979 omnium
1021 2918 1217 2978 decretorum
1239 2937 1318 2997 prae-

191 3016 357 3075 missorum
380 3016 538 3090 executi0,
565 3037 636 3076 cum
658 3016 794 3096 pernicie
817 3015 1010 3096 propriarum
1032 3014 1221 3088 animarum,
1246 3032 1316 3073 cum

191 3111 375 3193 praejudicio
395 3112 533 3186 illarum,
551 3112 665 3193 quibus
685 3111 786 3171 missae
803 3119 875 3172 sunt
891 3111 1100 3193 applicanda,
1117 3131 1188 3170 cum
1205 3130 1318 3188 magno

191 3207 447 3268 Christitidelium
476 3208 623 3268 scandalo
647 3209 871 3290 quoquomodo
899 3209 1095 3282 omittantur,
1122 3207 1316 3278 differantur,

193 3303 402 3384 negligantur,
420 3325 473 3364 seu
489 3311 727 3385 pervertantur,
745 3305 885 3386 alioquin
905 3303 984 3364 ultra
1006 3304 1138 3386 propriae
1158 3301 1318 3364 conscien-

193 3399 244 3458 tiae
259 3401 488 3474 onerationem,
506 3421 630 3482 poenam
647 3401 831 3482 privationis
846 3401 932 3462 vocis
947 3401 1057 3462 activae
1073 3408 1104 3460 et
1119 3400 1265 3480 passiva„
1283 3419 1319 3458 ac

193 3495 344 3574 graduum
360 3504 392 3557 et
406 3497 593 3572 officiorum,
610 3519 679 3579 quae
696 3497 852 3568 obtinent,
870 3518 990 3557 necnon
1005 3494 1264 3556 inhabilitationis
1279 3493 1317 3554 ad

192 3590 372 3674 hujusmodi
388 3594 515 3673 gradus,
533 3601 564 3654 ct
579 3593 681 3654 olticia
696 3593 866 3654 obtinenda
885 3613 1012 3674 prorsus
1027 3593 1198 3652 incurrant.

232 3689 311 3765 §25
329 3689 449 3750 Curent
464 3698 627 3771 propterca
643 3689 764 3770 praefati
780 3690 956 3770 superiores
971 3689 1128 3768 regulares
1143 3689 1174 3748 in
1192 3707 1316 3758 omnes,

192 3791 225 3844 et
238 3784 377 3865 singulos
392 3787 662 3845 contravenientes
677 3785 790 3845 debitis
806 3785 906 3866 poenis
920 3785 1098 3864 diligenter,
1115 3791 1146 3844 et
1161 3791 1316 3866 prompte,

193 3879 287 3939 etiam
311 3901 366 3962 per
389 3880 639 3962 inquisitionem,
662 3881 929 3956 animadvertere3
952 3889 983 3942 et
1009 3881 1135 3962 insuper
1154 3887 1320 3940 teneantur

193 3995 316 4050 omnes,
334 3984 365 4036 et
384 3976 498 4056 singuli
518 3975 693 4058 superiores
712 3977 841 4054 localeS,
858 3978 889 4038 in
910 3977 1154 4060 provincialibus
1174 3975 1317 4056 capitulis

193 4093 247 4133 seu
262 4072 555 4152 congregationibus
570 4073 717 4134 exhibere
730 4075 973 4149 attestationem,
989 4095 1042 4135 seu
1059 4073 1151 4133 fidem
1166 4071 1205 4133 ab
1220 4071 1320 4132 omni·

194 4167 251 4228 bus
265 4167 480 4229 sacerdotibus
495 4177 680 4244 conventuS,
694 4171 885 4245 monasterii,
898 4191 952 4232 seu
967 4171 1192 4252 cujuscumque
1207 4167 1319 4228 domus

193 4264 344 4344 regularis
363 4265 586 4347 subscriptam,
608 4273 638 4326 et
657 4265 809 4348 juratam,
831 4267 915 4349 quod
938 4267 1098 4342 omnibus,
1119 4273 1150 4326 et
1172 4263 1317 4344 singulis,
