3180 5024
405 526 448 576 DE
467 525 629 576 cosmum
648 524 762 576 SACRAE
781 524 1010 576 EUCHARISTIAE
1220 526 1271 576 ’ΖΠ

142 675 231 748 tem,
260 668 356 756 ponit
382 668 543 734 ecclesias
563 667 792 745 cathedrales,
821 669 1030 756 collepiatas,
1060 667 1270 758 parochiales

143 789 178 848 et
196 782 454 850 conventuales.
476 784 661 866 Caeterum,
678 791 718 850 ut
736 783 884 849 diximus
903 805 945 849 ex
966 784 1097 849 Rituali
1116 805 1268 866 romano,

142 919 212 962 non
241 905 377 964 tantum
403 906 542 987 propter
570 900 738 980 infirmos,
764 897 824 964 sed
854 899 956 966 etiam
984 904 1122 986 propter
1150 919 1267 979 sanos,

142 1019 336 1078 asservatur
354 1034 449 1078 sacra
469 1013 711 1080 Eucharistia¹.

189 1225 284 1294 148.
304 1263 349 1295 -.-
371 1225 558 1296 Ecclesiae
577 1226 794 1314 regulares.

189 1341 224 1402 l0
242 1329 285 1403 ln
303 1340 446 1406 ecclesiis
465 1341 690 1426 Repulerium
709 1341 875 1406 asservari
889 1348 1001 1426 polest
1019 1363 1114 1406 sacra
1133 1341 1268 1407 Eucha-

142 1453 251 1519 ristia.
285 1492 330 1502 -
362 1455 450 1520 Cum
482 1454 574 1520 enim
607 1455 658 1519 hae
692 1455 860 1537 ecclesiae,
896 1455 967 1520 sive
1000 1455 1165 1536 virorum,
1197 1454 1268 1519 sive

141 1567 357 1650 monialium,
379 1569 464 1652 sint,
487 1576 627 1658 propter
645 1569 912 1658 exemptionem,
938 1569 1037 1657 quasi
1055 1569 1269 1655 parochiales

140 1703 201 1768 pro
233 1689 304 1748 tota
334 1682 462 1749 familia
495 1689 742 1766 conventuum,
764 1707 898 1772 semper
920 1684 1031 1772 viguit
1058 1682 1267 1748 consuetudo

141 1795 339 1862 asservandi
353 1797 388 1862 in
403 1797 471 1863 illis
486 1821 615 1864 sacram
631 1797 877 1865 Eucharistiam
895 1817 902 1864 :
919 1799 954 1863 in
974 1820 1041 1887 quo
1061 1796 1268 1863 conveniunt

141 1931 270 1977 omnes.
292 1951 337 1960 -
368 1910 407 1976 ln
440 1912 559 1978 eodem
592 1935 695 1978 sensu
728 1934 887 2000 expresse
920 1911 1095 2000 respondit
1127 1910 1162 1978 S.
1194 1910 1264 1976 Rit.

140 2023 282 2111 Congu,
326 2027 438 2114 quoad
479 2027 683 2092 monasteria
722 2027 938 2113 monialium,
985 2027 1020 2090 in
1058 2025 1264 2106 Marianon,

26 2223 35 2238 ι
141 2136 183 2204 16
202 2161 275 2226 apr.
298 2139 383 2206 1611
395 2141 419 2207 ².

185 2254 222 2317 20
241 2255 314 2320 Hoc
329 2255 405 2343 jure
429 2255 628 2320 asservandi
652 2255 905 2322 sanctissimum
929 2262 1178 2322 sacramentum
1198 2277 1266 2319 non

138 2367 298 2434 fruuntur
316 2369 530 2457 Regulares:
554 2371 584 2434 1.
609 2369 674 2434 Pro
694 2369 850 2434 oratoriis
864 2371 1026 2456 privatis,
1048 2369 1114 2434 nisi
1129 2362 1264 2449 forsan,

138 2489 278 2570 propter
303 2506 424 2570 graves
448 2505 583 2566 causas,
610 2506 705 2550 sacra
729 2483 940 2550 Eucharistia
960 2484 1193 2550 transferenda
1222 2482 1266 2548 sit

138 2594 182 2660 ab
201 2597 342 2662 ecclesia
364 2595 500 2684 publica
519 2597 715 2663 monasterii
734 2598 777 2662 ad
796 2597 933 2686 aliquod
952 2599 1136 2672 oratorium
1155 2597 1264 2686 priva-

136 2719 213 2778 tum
225 2713 253 2792 3;
275 2750 318 2760 -
338 2712 370 2776 2.
389 2711 454 2776 Pro
474 2735 591 2778 eorum
609 2713 774 2798 pranciis,
797 2713 868 2777 sive
895 2713 1051 2777 domibus
1077 2711 1261 2792 ruralibus;

136 2825 186 2891 ita
218 2824 443 2890 communiter
475 2825 647 2906 doctores,
683 2825 870 2914 praesertim
902 2831 980 2912 post
1008 2825 1264 2913 responsionem

136 2939 173 3006 S.
197 2938 322 3026 Congr.
345 2937 464 3018 Cone,
487 2939 521 3004 in
546 2939 798 3025 Ulyssiponen,
821 2939 840 3006 3
861 2946 947 3027 sept.
972 2940 1090 3006 1707&

184 3151 279 3221 149.
295 3188 338 3200 -
352 3151 473 3234 Alias,
488 3157 634 3240 praeter
649 3151 916 3239 supradictas,
933 3152 1107 3222 ecclosiae
1123 3159 1161 3222 et
1175 3173 1263 3221 ora·

135 3269 252 3336 toria.
277 3305 320 3316 —
341 3265 466 3352 Agitur
493 3266 535 3331 de
564 3265 715 3331 ecclesiis
744 3289 818 3354 quae
838 3290 906 3332 non
926 3273 1006 3334 sunt
1032 3267 1259 3355 parochiales.

134 3379 361 3463 cathedrales,
392 3379 595 3466 collegiatae,
618 3379 804 3467 regulareS,
826 3403 860 3451 v.
886 3407 935 3470 g.‚
963 3383 1005 3448 de
1031 3381 1183 3448 ecclesiis
1204 3391 1263 3448 aut

134 3493 291 3560 oratoriis
310 3495 595 3560 communitatum
614 3501 770 3560 votorum
788 3496 996 3582 simplicium
1016 3497 1185 3586 (virorum
1204 3502 1262 3561 aut

135 3608 348 3697 mulierum),
369 3609 643 3690 seminariorum,
666 3608 901 3696 hospitalium,
924 3611 1259 3695 confraternitatum,

133 3721 373 3807 collepiorum,
396 3729 476 3805 eto,
497 3729 562 3789 etc.

178 3836 224 3902 A.
257 3836 388 3920 Raparia
416 3837 595 3922 pancratis.
621 3874 665 3886 —-
696 3836 828 3924 Regula
853 3835 1021 3924 generalis
1048 3843 1100 3903 est
1130 3843 1168 3902 ut
1195 3859 1260 3903 non

109 4033 112 4039 .
166 3995 234 4046 ¹1ta
254 3997 350 4056 etism,
372 4000 536 4061 proteron.
558 3997 708 4056 Gotticum‚
729 3998 762 4048 de
782 3999 882 4058 Herdt,
904 3999 992 4049 Sacrae
1012 3999 1133 4065 liturpiae
1149 4000 1258 4064 praeis,

133 4092 196 4141 pars
211 4077 263 4138 Vl,
279 4093 306 4128 n.
320 4083 379 4140 17⁸,
396 4083 415 4130 t.
432 4095 473 4138 ru,
486 4095 513 4144 p.
529 4086 583 4132 216.

163 4159 175 4195 ²
191 4158 307 4208 Decreta
321 4158 492 4216 authentica,
509 4175 535 4209 n.
549 4166 608 4221 860,
625 4165 644 4212 t.
661 4179 682 4222 r,
699 4179 725 4226 p.
742 4166 795 4211 185.

164 4239 176 4274 ⁸
193 4237 233 4288 Cf.
249 4237 402 4298 Gallicum,
419 4239 468 4290 loo.
485 4240 540 4300 cit„
556 4256 582 4290 n.
598 4247 664 4291 9-11.

163 4319 175 4353 ⁴
192 4318 279 4375 Quam
294 4319 377 4368 refert
391 4319 484 4379 Petro,
502 4321 551 4371 loc.
565 4321 620 4381 cit„
634 4337 660 4372 n.
677 4329 719 4382 2³;
737 4349 764 4358 -
778 4323 813 4372 cl.
830 4325 912 4374 etism
926 4323 1084 4389 schmatzg,
1101 4325 1150 4377 loc.
1166 4323 1213 4396 cit.¹
