3174 5046
516 941 883 1016 APPROBATIO
993 947 996 952 ’

188 1592 283 1654 Grate
307 1592 509 1673 jucundeque
542 1593 644 1652 allecti
673 1613 780 1652 sumus
812 1593 974 1654 audientes
1008 1593 1190 1654 relationem
1223 1593 1262 1652 dc

138 1717 232 1779 opere
248 1697 297 1757 cui
313 1697 424 1757 titulus
446 1695 669 1758 Praelectiones
689 1697 847 1784 canoniam
866 1697 905 1758 de
924 1697 1022 1758 Missa
1041 1719 1113 1758 cum
1132 1697 1262 1781 Appen-

138 1800 208 1862 dice
227 1801 266 1862 de
285 1800 492 1862 Sanctissimo
507 1800 727 1876 Sacramento,
749 1810 877 1862 auctore
898 1803 936 1864 D.
954 1803 1058 1876 Meni,
1080 1803 1262 1884 presbytero

139 1907 304 1968 Societatis
335 1907 440 1966 Sancti
469 1905 611 1986 Sulpitii,
641 1907 715 1967 olim
745 1907 777 1965 in
806 1907 978 1968 Seminario
1013 1907 1143 1980 Nostro,
1180 1927 1262 1967 nunc

138 2019 242 2072 autem
259 2012 290 2070 in
306 2011 455 2071 Instituto
471 2011 626 2072 catholico
639 2012 803 2072 Parisiensi
816 2013 832 2072 J
838 2013 900 2072 uris
911 2011 1059 2073 Canonici
1073 2013 1260 2094 professore.

139 2115 231 2174 Liber
251 2115 411 2196 scriptoris
432 2136 494 2174 non
516 2123 563 2176 est
585 2116 731 2195 indignus
752 2116 833 2176 lama
857 2117 1051 2198 professoris
1075 2117 1139 2177 Nec
1161 2116 1262 2176 minus

140 2219 278 2299 proderit
306 2219 375 2300 ejus
397 2219 539 2280 doctrina
568 2220 759 2298 legentibus,
783 2241 876 2301 quam
908 2219 1025 2301 profuit
1051 2221 1260 2282 audientibus

139 2323 248 2384 Multae
277 2331 350 2384 sunt
379 2325 461 2383 enim
488 2325 693 2406 quaestioneS,
719 2346 788 2406 quae
813 2325 852 2385 de
875 2325 970 2385 Missa
1000 2327 1262 2406 Sanctissimoque

139 2427 340 2488 Sacramento
357 2435 540 2502 tractantur,
555 2430 620 2489 sive
635 2429 673 2489 ud
687 2430 802 2504 locum,
817 2438 951 2511 tempus,
964 2431 1172 2506 iterationem,
1187 2438 1260 2500 etc,

138 2531 369 2606 celebratione,
385 2534 450 2593 sive
465 2533 503 2593 ad
521 2534 733 2614 eleemosynas
748 2535 924 2608 missarum,
942 2535 1006 2595 sive
1021 2535 1059 2595 ad
1075 2535 1260 2608 custodiam,

117 2627 406 2712 distributionem,
437 2645 511 2712 ete,
540 2638 742 2699 Eucharistiae
773 2641 974 2721 pertinentes
1005 2641 1102 2700 Porro
1132 2641 1164 2700 in
1195 2647 1263 2700 toto

140 2743 335 2802 tractationis
357 2742 491 2802 decursu
518 2743 640 2823 egregie
665 2744 804 2819 elucent,
826 2751 893 2804 tum
915 2745 946 2804 in
971 2745 1151 2805 evolvendis
1170 2744 1263 2804 disci-

142 2845 233 2925 plinae
254 2847 326 2906 latis
345 2868 454 2907 sensus
478 2847 659 2922 historicus,
677 2856 743 2908 tum
763 2849 794 2908 in
815 2849 985 2928 allegandis
1005 2849 1142 2909 textibus
1160 2849 1262 2930 ampla

140 2957 172 3010 et
195 2951 315 3011 erudita
337 2951 482 3024 scientia,
503 2959 568 3011 tum
590 2952 761 3033 practieum
786 2953 817 3012 in
837 2953 1008 3014 enodandis
1028 2951 1264 3014 difficultatibus

140 3055 310 3134 ingenium.
335 3055 424 3116 Unde
444 3077 507 3116 uon
527 3057 621 3117 modo
640 3057 696 3117 has
716 3057 937 3118 Praelectiones
956 3057 995 3119 de
1014 3057 1113 3119 Missa
1132 3059 1265 3118 libenter

140 3159 224 3240 typis
238 3159 287 3218 edi
307 3161 532 3242 permittimus,
549 3181 657 3221 verum
678 3163 770 3222 etiam
796 3171 910 3223 nostrae
929 3163 1071 3224 dioecesis
1095 3164 1215 3223 clericis
1234 3172 1265 3223 et

142 3263 356 3324 sacerdotibus
373 3265 463 3324 enixe
478 3266 743 3327 commendamus.
762 3267 889 3327 Interim
903 3269 975 3328 huic
991 3267 1141 3329 volumini
1157 3289 1173 3328 a
1187 3267 1265 3328 mul-

143 3370 182 3430 tis
197 3375 346 3450 exoptato
362 3369 463 3430 lausta
479 3369 577 3430 multa
594 3371 800 3451 auspicamur.

267 3619 390 3680 Parisiis,
406 3619 450 3668 dic
465 3624 507 3668 lt·
522 3620 649 3670 februarii
667 3625 735 3668 1903.

575 3853 758 3914 anncrscus
781 3853 874 3915 Card.
900 3855 1105 3930 RlCHARD,

694 3985 782 4031 Ancn.
802 3983 972 4032 l’nnrsrunsrs.
