3174 5046
440 502 482 551 DE
503 500 586 551 LOCO
606 499 866 551 catnnnnrtonts
887 501 995 552 MISSAE
1100 530 1102 534 ·
1264 499 1279 551 9

152 645 376 734 buscumque.
395 674 410 704 a
428 645 517 732 Ergo
530 665 598 738 non
620 645 765 732 amplius
778 652 922 732 possunt
936 644 1093 732 Episcopi
1108 644 1280 709 licentiam

151 761 233 824 dare
261 757 454 825 celebrandi
481 759 620 822 missam
649 766 745 823 extra
776 758 936 824 ecclesias
960 765 994 823 et
1018 759 1179 838 oratoria;
1202 781 1281 822 nam

151 874 288 938 licentia
310 896 385 960 quae
405 871 447 936 ab
467 872 550 959 ipsis
569 873 705 938 daretur
724 871 918 937 celebrandi
937 873 1076 938 missam
1096 879 1192 938 extra
1210 871 1281 936 ha¹c

151 987 243 1068 loca,
266 987 465 1074 neutiquam
488 993 576 1050 stare
596 993 711 1074 posset
737 1009 814 1051 cum
838 993 1023 1075 pra‘ccpto,
1046 987 1137 1075 quod
1163 986 1279 1074 ipsisa

153 1100 297 1166 concilio
317 1099 515 1188 imponitur,
531 1122 573 1163 ne
594 1100 724 1165 scilicet
742 1099 776 1164 id
796 1101 996 1188 permittant
1016 1107 1074 1164 aut
1094 1101 1277 1187 patiantur.

199 1329 238 1396 5.
250 1365 294 1374 -
309 1327 500 1412 Propositio
519 1325 566 1389 II.
583 1365 625 1374 —
636 1324 801 1389 Attamen
811 1329 960 1411 praefata
976 1333 1124 1412 potestas
1138 1325 1280 1410 permit-

155 1441 246 1504 tendi
273 1441 379 1504 missae
402 1440 660 1504 celebrationem
685 1447 782 1503 extra
807 1439 958 1504 ecclesias
984 1447 1016 1503 et
1041 1439 1190 1503 oratoria
1216 1460 1281 1502 non

152 1557 224 1639 fuit
249 1554 399 1618 totaliter
422 1553 599 1638 Episcopis
618 1553 793 1637 adempta,
820 1553 942 1633 idest,
969 1553 1032 1618 etsi
1049 1575 1116 1617 non
1138 1557 1281 1640 possunt

153 1667 300 1755 amplius
321 1665 479 1754 Episcopi
508 1665 692 1730 concedere
716 1665 911 1754 hujusmodi
936 1665 1197 1730 celebrationem
1217 1688 1282 1751 per

155 1782 294 1845 modum
315 1781 464 1863 babitus,
481 1780 515 1844 id
535 1787 603 1861 est,
625 1780 660 1843 in
680 1786 883 1867 perpetuum
903 1779 1023 1843 autad
1043 1779 1282 1864 longissimum

155 1901 305 1982 tempus,
328 1902 362 1960 et
387 1895 450 1959 hoc
474 1893 619 1958 arbitrio
642 1915 703 1958 suo
729 1881 941 1976 rationabili,
962 1899 1113 1956 attamen
1137 1898 1282 1980 possunt

153 2008 264 2072 adhuc
283 2007 465 2096 aliquando
486 2007 572 2072 hanc
592 2006 854 2072 celebrationem
879 2006 1061 2070 concedere
1086 2029 1126 2070 en
1149 2006 1282 2092 pravio-

155 2122 250 2186 ribus
265 2123 374 2187 causis
386 2125 407 2187 ¹.
430 2161 473 2173 -
494 2120 637 2186 Constat
655 2120 842 2208 propositio
866 2139 872 2185 :

201 2235 233 2298 l⁰
256 2237 313 2300 Ec
335 2239 403 2322 fine
430 2236 563 2300 concilii
593 2235 688 2298 Trid.
721 2235 814 2330 Finis
839 2235 928 2298 enim
949 2257 1048 2322 quem
1075 2233 1138 2298 sibi
1158 2257 1282 2322 propo·
1341 2245 1345 2252 '

154 2351 223 2414 suit
248 2350 429 2414 concilium
461 2349 697 2413 Tridentinum
723 2349 757 2413 in
785 2347 924 2437 praelato
950 2349 1083 2413 decreto
1109 2349 1172 2413 luit
1195 2372 1281 2436 prec-

154 2463 288 2545 sertim,
310 2469 348 2527 ut
371 2469 464 2549 patet
484 2469 556 2527 toto
577 2462 728 2542 decreto,
751 2464 930 2547 auferendi
946 2463 1141 2547 periculum
1161 2463 1283 2527 irreve-

155 2584 268 2641 renter
287 2577 456 2641 tractandi
472 2577 588 2641 divina
610 2578 792 2663 mysteria,·
810 2576 901 2664 quod
920 2575 1108 2664 periculum
1127 2575 1282 2663 frequen-

153 2697 206 2755 ter
237 2689 369 2771 aderat,
399 2689 443 2754 ob
476 2691 616 2755 nimiam
638 2687 847 2756 ⁴facilitatem
880 2714 947 2778 qua
979 2690 1093 2778 plures
1124 2690 1282 2777 Episcopi

153 2804 325 2869 licentiam
343 2804 535 2870 celebrandi
550 2811 646 2870 extra
660 2805 820 2869 ecclesias
833 2811 867 2868 et
878 2804 1023 2868 oratoria
1037 2801 1278 2867 concedebant.

155 2918 261 3006 Atqui
285 2918 362 2983 finis
385 2919 443 2982 ille
468 2918 676 2984 sufficienter
705 2917 883 3003 attingitur
906 2939 967 3004 per
990 2917 1158 2981 mitiorem
1177 2916 1282 2979 inter-

154 3032 380 3120 pretationem
413 3033 540 3100 decreti
572 3031 719 3120 praelati,
751 3032 779 3096 si
809 3031 996 3118 Episcopus
1025 3031 1066 3096 dc
1096 3029 1184 3094 sacto
1214 3052 1281 3093 non

155 3147 329 3234 permittat
343 3145 539 3233 hujusmodi
559 3145 821 3211 celebrationem
838 3145 903 3209 nisi
923 3145 956 3208 in
971 3143 1182 3231 gravissimis
1198 3144 1282 3208 casi-

156 3259 219 3348 bus
238 3267 272 3325 et
287 3259 410 3325 debitis
425 3260 639 3325 cautionibus
659 3259 831 3325 adhibitis.

197 3374 308 3438 2⁰13oe
328 3375 399 3460 ipso
425 3383 537 3438 tenore
560 3375 684 3438 decreti
709 3373 910 3438 Tridentini.
939 3372 1082 3452 Quando
1106 3373 1282 3460 legislator

155 3489 336 3553 canonicus
355 3489 494 3552 omnino
510 3489 718 3576 supprimere
737 3487 883 3553 intendit
898 3487 1047 3576 aliquam
1062 3493 1278 3574 potestatem,

155 3623 215 3666 seu
244 3601 357 3689 aliqua
386 3601 579 3690 privilegia,
611 3601 770 3666 adhibere
802 3601 889 3666 solet
919 3600 1024 3665 verba
1056 3600 1278 3688 expressiora,

155 3714 295 3780 clariora
320 3722 354 3780 et
374 3715 560 3796 severiora,
583 3716 629 3780 ita
649 3722 687 3779 ut
713 3715 846 3779 nullum
873 3713 1020 3802 supersit
1040 3713 1196 3792 dubium,
1219 3735 1280 3777 nec

154 3829 245 3893 ullus
264 3829 373 3917 excipi
393 3829 501 3925 possit
520 3851 635 3908 casus;
660 3829 750 3916 quod
776 3827 966 3892 confirmari
985 3833 1101 3916 posset
1124 3826 1280 3914 plurimis

155 3942 331 4032 exemplis
355 3943 460 4008 Porro
485 3943 539 4007 hic
563 3949 700 4008 econtra
725 3942 905 4007 concilium
929 3941 1165 4006 Tridentinum
1185 3940 1280 4005 adhi-

156 4055 227 4120 buit
256 4055 435 4121 sormulam
464 4056 696 4137 mitissimam,
718 4055 905 4121 reverentia
929 4055 1080 4143 plenam,
1104 4055 1170 4119 imo
1202 4052 1278 4119 sub·

187 4305 193 4336 ¹
211 4303 250 4352 Cf.
267 4303 417 4364 Gatticnm,
435 4305 483 4354 loc.
498 4305 554 4363 cit,
568 4319 591 4354 c.
609 4321 647 4354 nr.
665 4319 689 4352 n.
707 4309 761 4352 6-7.
777 4319 803 4366 p.
820 4309 873 4352 398.
