3246 5026
652 467 853 519 DOCUMENTA
1264 467 1315 521 380

192 602 292 660 tiones
312 607 388 661 tunc
407 601 499 661 etiam
521 601 734 682 improbandae
755 601 997 675 eteoercendac,
1015 609 1174 683 utsupra,
1195 603 1257 662 sint
1276 603 1315 663 ab

191 697 367 776 EpiscopiS,
389 696 515 778 quando
537 695 657 756 lucrum
685 697 769 778 quod
790 718 828 756 ex
843 697 993 758 mercium
1016 717 1086 756 cum
1109 695 1315 779 eleemosynis

108 848 114 857 .
190 793 420 874 permutatione
442 793 594 866 hauritur,
617 813 679 852 non
702 794 734 852 in
756 793 917 874 proprium
941 792 1155 873 colligentium
1178 815 1315 854 commo-

188 888 280 960 dum,
295 888 396 948 sedin
412 888 532 970 piarum
548 889 782 949 institutionum
798 889 997 949 othonorum
1014 910 1144 969 operum
1161 910 1251 949 usum
1266 891 1314 950 vel

188 984 415 1044 incrementum
431 983 639 1064 impenditur3

230 1107 245 1134 a
274 1079 303 1139 l.
330 1082 378 1140 An
399 1079 482 1160 turpi
507 1080 709 1140 mercimonio
731 1089 937 1154 concurrant,
963 1080 1096 1161 ideoque
1116 1081 1314 1161 improbandi

188 1181 282 1256 atque
302 1177 395 1237 etiam
411 1176 593 1250 coercendi,
615 1184 649 1236 ut
665 1197 775 1258 supra,
798 1177 895 1236 sintii
911 1177 963 1257 qui
980 1184 1124 1256 acceptas
1138 1198 1155 1237 a
1171 1177 1314 1237 fidelibus

190 1270 239 1331 vel
260 1272 337 1332 locis
359 1271 417 1353 piis
438 1271 652 1353 eleemosynas
674 1273 838 1331 missarum
864 1271 991 1332 tradunt
1015 1270 1210 1353 bibliopolis,
1235 1293 1315 1332 mer-

187 1368 360 1441 catoribus,
378 1368 508 1448 aliisque
524 1388 631 1427 earum
646 1367 883 1442 collectoribus,
902 1369 967 1428 sive
987 1368 1153 1449 recipiant,
1172 1369 1236 1428 sive
1252 1389 1315 1427 non

188 1463 338 1543 recipiant
352 1463 523 1544 quidquam
539 1462 577 1523 ab
593 1463 702 1524 iisdem
718 1465 837 1545 praemii
855 1464 998 1536 nomine,

228 1585 243 1615 a
265 1559 293 1619 5.
311 1561 360 1620 An
381 1559 463 1641 turpi
480 1559 683 1620 mercimonio
699 1547 902 1637 concuirant,
920 1559 1054 1640 ideoque
1071 1559 1267 1640 improbandi
1282 1567 1313 1620 et
1385 1559 1386 1562 ’

178 1655 366 1731 coercendi,
384 1664 541 1737 utsupra,
560 1657 621 1716 sint
640 1657 660 1716 ii
677 1657 730 1738 qui
751 1677 767 1716 a
787 1657 879 1716 dictis
899 1655 1094 1736 bibliopolis,
1112 1663 1143 1716 et
1163 1663 1314 1716 mercato-

186 1753 271 1812 ribus
298 1753 454 1834 recipiunt
480 1774 537 1833 pro
564 1753 666 1812 missis
692 1752 886 1814 celebrandis
913 1752 1008 1810 libros
1033 1751 1151 1812 aliasve
1177 1772 1310 1824 merces,

186 1849 294 1909 harum
311 1849 411 1930 pretio
427 1849 491 1909 sive
507 1849 672 1909 imminuto
690 1850 755 1909 sive
772 1849 910 1926 integro;

226 1971 240 2001 «
272 1945 322 2004 7¹.
359 1947 406 2005 An
437 1945 529 2006 liccat
557 1946 720 2027 Episcopis
744 1945 809 2004 sinc
834 1945 960 2025 speciali
988 1945 1019 2004 S.
1044 1943 1132 2004 Sedis
1157 1943 1246 2003 venia
1276 1965 1313 2003 ex

185 2040 389 2122 elecmosynis
418 2041 600 2114 missarum,
627 2063 704 2123 quas
734 2039 842 2099 fideles
870 2039 1093 2100 celebrioribus
1122 2039 1313 2100 Sanctuariis

184 2137 307 2198 tradere
322 2137 442 2212 solent,
460 2137 578 2219 aliquid
597 2137 760 2198 detrahere
778 2145 812 2198 ut
827 2157 934 2196 eorum
955 2137 1060 2197 decori
1081 2144 1112 2197 et
1127 2143 1311 2198 ornamento

183 2233 375 2308 consulatur,
393 2234 518 2314 quando
534 2235 705 2314 praesertim
725 2255 759 2294 ea
776 2234 911 2315 propriis
927 2233 1079 2294 reditibus
1094 2239 1231 2294 careant.
1250 2257 1265 2288 n

225 2330 260 2389 ln
275 2330 424 2411 peculiari
440 2337 597 2390 conventu
613 2330 686 2390 anni
704 2329 797 2403 1874,
815 2331 847 2390 S.
866 2330 901 2390 C.
920 2329 1069 2390 resolvit:

226 2453 239 2479 u
256 2425 305 2485 Ad
324 2429 350 2486 1.
368 2425 581 2496 Affirmativc;

224 2547 237 2576 a
256 2521 304 2581 Ad
320 2527 349 2581 2.
367 2521 536 2602 Negative3

224 2645 236 2670 «
257 2618 304 2677 Ad
320 2619 354 2690 3,
371 2618 389 2677 4
404 2625 435 2677 et
450 2617 479 2677 5.
497 2617 712 2690 Affirmative;

223 2741 236 2768 «
255 2713 304 2774 Ad
318 2718 348 2775 7.
367 2713 535 2792 Negative,
554 2714 610 2772 nisi
626 2713 665 2772 de
681 2733 835 2772 consensu
851 2711 1039 2772 oblatorum.
1061 2737 1074 2764 n

191 2825 195 2838 ¹
222 2809 281 2870 Sed
305 2831 375 2884 cum
397 2810 562 2891 postremis
587 2811 671 2870 hisce
695 2810 784 2869 aunis
806 2810 998 2882 constiterit,
1023 2807 1175 2868 salutares
1198 2807 1308 2889 hujus·

180 2907 265 2966 modi
281 2907 500 2988 dispositiones
515 2907 689 2986 ignorantia
707 2914 759 2966 aut
776 2905 892 2966 malitia
910 2905 1022 2985 saepius
1038 2904 1196 2982 neglectas
1212 2903 1307 2964 luisse

180 3013 212 3064 et
231 3001 346 3063 abusus
362 3003 419 3063 hac
439 3003 469 3061 in
493 3023 524 3061 re
545 3003 634 3062 valde
657 3003 780 3082 lateque
803 3001 987 3075 invaluisse,
1010 3001 1078 3060 Emi
1096 3000 1203 3060 Patres
1220 3001 1251 3060 S.
1269 3000 1305 3061 C.

179 3099 353 3159 Tridentini
382 3098 566 3178 interpretes
595 3119 629 3158 ac
657 3097 813 3170 vindiceS,
841 3097 935 3156 rebus
961 3095 1107 3156 omnibus
1134 3096 1164 3154 in
1191 3095 1306 3178 duplici

179 3195 315 3277 generali
336 3203 492 3268 conventu
514 3200 640 3254 mature.
656 3195 832 3274 perpensiS,
855 3193 950 3252 ollicii
973 3193 1020 3252 sui
1043 3213 1109 3252 esse
1131 3192 1304 3266 duxerunt,

179 3292 263 3375 quod
279 3291 398 3372 pridem
414 3290 573 3351 decretum
594 3297 661 3350 erat
680 3291 712 3349 in
733 3291 914 3349 memoriam
931 3289 1117 3371 plenamque
1135 3289 1305 3350 observan-

179 3391 252 3450 tiam
264 3388 367 3448 denuo
380 3387 462 3468 apud
476 3407 585 3446 omnes
598 3407 755 3456 revocare,
769 3395 798 3446 et
813 3393 990 3466 opportuna
1005 3387 1131 3466 insuper
1144 3388 1304 3447 sanctione

177 3486 310 3546 munire.

218 3574 368 3641 Praesenti
388 3581 493 3660 itaque
513 3579 638 3638 decreto
658 3584 817 3652 statuunt,
836 3584 870 3636 ut
890 3577 921 3636 in
942 3585 1117 3657 posterum,
1135 3577 1160 3637 si
1180 3578 1249 3658 quis
1265 3599 1302 3638 ex

176 3675 362 3739 sacerdotali
381 3675 489 3734 ordine
512 3683 619 3737 contra
642 3673 806 3734 enunciata
827 3673 950 3733 decreta
971 3671 1152 3755 deliquerit,
1174 3695 1301 3755 suspen·

175 3773 272 3835 sionis
296 3794 311 3833 a
341 3771 455 3831 divinis
483 3773 514 3833 S.
542 3770 614 3830 Sedi
642 3777 809 3830 reservatae
838 3779 869 3830 et
898 3771 966 3851 ipso
996 3769 1078 3830 iacto
1107 3771 1301 3832 incurrendae
1383 3795 1387 3805 ¹

175 3870 329 3932 obnoxius
345 3869 402 3940 sit,
419 3867 549 3928 clericus
564 3875 668 3928 autem
689 3866 864 3927 sacerdotio
885 3867 1024 3926 nondum
1044 3867 1185 3927 initiatus
1200 3868 1300 3928 eidem

175 3965 371 4048 suspensioni
387 3964 491 4045 quoad
511 3971 673 4044 susceptos
688 3963 813 4022 ordines
829 3963 971 4024 similiter
991 3961 1151 4042 subjaceat
1166 3971 1197 4024 et
1212 3963 1300 4024 inba-

175 4063 245 4123 bilis
274 4069 422 4143 praeterea
457 4061 510 4120 fiat
544 4059 582 4121 ad
616 4060 792 4141 superiores
827 4059 952 4120 ordines
986 4059 1200 4139 recipiendos3
1231 4061 1298 4120 laici
1369 4105 1373 4110 .

206 4216 214 4250 ¹
233 4215 260 4265 S.
281 4215 460 4279 congregatio
484 4215 574 4265 omisit
593 4215 705 4264 dubium
733 4221 761 4272 6,
779 4215 852 4278 quod
875 4214 980 4272 videos,
1000 4215 1022 4262 si
1042 4215 1122 4274 velis,
1143 4215 1215 4278 apud
1234 4217 1301 4264 Acta

173 4287 198 4336 S.
214 4285 303 4346 Sedis,
319 4289 337 4336 t.
355 4302 413 4348 vni,
430 4303 456 4350 p.
475 4292 527 4335 107.
